<?xml version="1.0" encoding="UTF-8"?>
<!DOCTYPE html PUBLIC "-//W3C//DTD XHTML 1.0 Transitional//EN"
    "http://www.w3.org/TR/xhtml1/DTD/xhtml1-transitional.dtd">
<html xmlns="http://www.w3.org/1999/xhtml" xml:lang="en" lang="en">
 <head>
  <title>
</title>
<meta http-equiv="Content-Type" content="text/html;charset=utf-8" />
  <meta name='ocr-system' content='tesseract 3.04.00' />
  <meta name='ocr-capabilities' content='ocr_page ocr_carea ocr_par ocr_line ocrx_word'/>
</head>
<body>
  <div class='ocr_page' id='page_1' title='image "./euclidisoperaomn02eucluoft_0420.png"; bbox 0 0 1988 3152; ppageno 0'>
   <div class='ocr_carea' id='block_1_1' title="bbox 264 71 1334 126">
    <p class='ocr_par' dir='ltr' id='par_1_1' title="bbox 264 71 1334 126">
     <span class='ocr_line' id='line_1_1' title="bbox 264 71 1334 126; baseline -0.007 0"><span class='ocrx_word' id='word_1_1' title='bbox 264 72 374 126; x_wconf 82' lang='lat'><em>394</em></span> <span class='ocrx_word' id='word_1_2' title='bbox 893 74 1230 117; x_wconf 71' lang='grc' dir='ltr'>ΣΤοῙΧΕῙΩΝ</span> <span class='ocrx_word' id='word_1_3' title='bbox 1259 71 1334 119; x_wconf 74' lang='grc' dir='ltr'><em>θ’.</em></span> 
     </span>
    </p>
   </div>
   <div class='ocr_carea' id='block_1_2' title="bbox 204 235 1962 1031">
    <p class='ocr_par' dir='ltr' id='par_1_2' title="bbox 1061 235 1170 292">
     <span class='ocr_line' id='line_1_2' title="bbox 1061 235 1170 292; baseline 0.018 -2"><span class='ocrx_word' id='word_1_4' title='bbox 1061 235 1170 292; x_wconf 82' lang='grc' dir='ltr'><em>κδ’.</em></span> 
     </span>
    </p>

    <p class='ocr_par' dir='ltr' id='par_1_3' title="bbox 264 336 1958 500">
     <span class='ocr_line' id='line_1_3' title="bbox 370 336 1958 413; baseline -0.001 -18"><span class='ocrx_word' id='word_1_5' title='bbox 370 339 519 396; x_wconf 78' lang='grc' dir='ltr'><em>Ἐὰν</em></span> <span class='ocrx_word' id='word_1_6' title='bbox 557 336 679 395; x_wconf 86' lang='grc' dir='ltr'><em>ἀπὸ</em></span> <span class='ocrx_word' id='word_1_7' title='bbox 723 337 957 413; x_wconf 82' lang='grc' dir='ltr'><em>ἀρτίου</em></span> <span class='ocrx_word' id='word_1_8' title='bbox 997 337 1292 413; x_wconf 86' lang='grc' dir='ltr'><em>ἀριθμοῦ</em></span> <span class='ocrx_word' id='word_1_9' title='bbox 1332 339 1558 411; x_wconf 77' lang='grc' dir='ltr'><em>ἄρτιος</em></span> <span class='ocrx_word' id='word_1_10' title='bbox 1590 338 1958 412; x_wconf 80' lang='grc' dir='ltr'><em>ἀφαιρεθῇ,</em></span> 
     </span>
     <span class='ocr_line' id='line_1_4' title="bbox 264 427 1071 500; baseline -0.001 -16"><span class='ocrx_word' id='word_1_11' title='bbox 264 427 292 484; x_wconf 97' lang='lat'><em>6</em></span> <span class='ocrx_word' id='word_1_12' title='bbox 335 429 565 495; x_wconf 77' lang='grc' dir='ltr'><em>λοιπὸς</em></span> <span class='ocrx_word' id='word_1_13' title='bbox 604 428 832 500; x_wconf 72' lang='grc' dir='ltr'><em>ἄρτιος</em></span> <span class='ocrx_word' id='word_1_14' title='bbox 873 433 1071 484; x_wconf 80' lang='grc' dir='ltr'><em>ἔσται.</em></span> 
     </span>
    </p>

    <p class='ocr_par' dir='ltr' id='par_1_4' title="bbox 370 515 1958 591">
     <span class='ocr_line' id='line_1_5' title="bbox 370 515 1958 591; baseline 0 -19"><span class='ocrx_word' id='word_1_15' title='bbox 370 515 499 573; x_wconf 81' lang='grc' dir='ltr'><em>Ἀπὸ</em></span> <span class='ocrx_word' id='word_1_16' title='bbox 540 516 647 590; x_wconf 73' lang='grc' dir='ltr'><em>γὰρ</em></span> <span class='ocrx_word' id='word_1_17' title='bbox 688 516 884 590; x_wconf 79' lang='grc' dir='ltr'><strong><em>ἀρτίου</em></strong></span> <span class='ocrx_word' id='word_1_18' title='bbox 922 521 1025 574; x_wconf 84' lang='grc' dir='ltr'><em>τοῦ</em></span> <span class='ocrx_word' id='word_1_19' title='bbox 1055 524 1162 573; x_wconf 92' lang='grc' dir='ltr'><em>ΑΒ</em></span> <span class='ocrx_word' id='word_1_20' title='bbox 1197 517 1386 590; x_wconf 81' lang='grc' dir='ltr'><em>ἄρτιος</em></span> <span class='ocrx_word' id='word_1_21' title='bbox 1418 515 1736 591; x_wconf 80' lang='grc' dir='ltr'><em>ἀφῃρήσθω</em></span> <span class='ocrx_word' id='word_1_22' title='bbox 1771 515 1799 573; x_wconf 90' lang='lat'><em>6</em></span> <span class='ocrx_word' id='word_1_23' title='bbox 1836 522 1958 572; x_wconf 90' lang='grc' dir='ltr'><em>ΒΓ·</em></span> 
     </span>
    </p>

    <p class='ocr_par' dir='ltr' id='par_1_5' title="bbox 204 604 1513 679">
     <span class='ocr_line' id='line_1_6' title="bbox 204 604 1513 679; baseline 0 -17"><span class='ocrx_word' id='word_1_24' title='bbox 204 627 230 667; x_wconf 82' lang='grc'>5</span> <span class='ocrx_word' id='word_1_25' title='bbox 263 609 432 677; x_wconf 81' lang='grc' dir='ltr'><em>λέγω,</em></span> <span class='ocrx_word' id='word_1_26' title='bbox 474 605 559 662; x_wconf 80' lang='grc' dir='ltr'><em>ὅτι</em></span> <span class='ocrx_word' id='word_1_27' title='bbox 599 604 629 662; x_wconf 83' lang='grc' dir='ltr'>ὃ</span> <span class='ocrx_word' id='word_1_28' title='bbox 669 605 864 673; x_wconf 84' lang='grc' dir='ltr'><em>λοιπὸς</em></span> <span class='ocrx_word' id='word_1_29' title='bbox 905 605 933 662; x_wconf 92' lang='lat'><em>6</em></span> <span class='ocrx_word' id='word_1_30' title='bbox 976 613 1077 662; x_wconf 93' lang='grc' dir='ltr'><em>ΓΑ</em></span> <span class='ocrx_word' id='word_1_31' title='bbox 1116 605 1307 679; x_wconf 74' lang='grc' dir='ltr'><em>ἄρτιός</em></span> <span class='ocrx_word' id='word_1_32' title='bbox 1348 607 1513 662; x_wconf 84' lang='grc' dir='ltr'><em>ἐστιν.</em></span> 
     </span>
    </p>

    <p class='ocr_par' dir='ltr' id='par_1_6' title="bbox 262 691 1962 1031">
     <span class='ocr_line' id='line_1_7' title="bbox 369 691 1962 767; baseline -0.001 -17"><span class='ocrx_word' id='word_1_33' title='bbox 369 693 518 750; x_wconf 85' lang='grc' dir='ltr'><em>Ἐπεὶ</em></span> <span class='ocrx_word' id='word_1_34' title='bbox 564 693 670 767; x_wconf 80' lang='grc' dir='ltr'><em>γὰρ</em></span> <span class='ocrx_word' id='word_1_35' title='bbox 721 693 750 750; x_wconf 87' lang='lat'><em>6</em></span> <span class='ocrx_word' id='word_1_36' title='bbox 798 701 907 750; x_wconf 92' lang='lat' dir='ltr'><em>AB</em></span> <span class='ocrx_word' id='word_1_37' title='bbox 956 693 1148 767; x_wconf 76' lang='grc' dir='ltr'><em>ἄρτιός</em></span> <span class='ocrx_word' id='word_1_38' title='bbox 1188 696 1365 764; x_wconf 81' lang='grc' dir='ltr'><em>ἐστιν,</em></span> <span class='ocrx_word' id='word_1_39' title='bbox 1413 698 1522 764; x_wconf 82' lang='grc' dir='ltr'><em>ἔχει</em></span> <span class='ocrx_word' id='word_1_40' title='bbox 1570 695 1736 765; x_wconf 81' lang='grc' dir='ltr'><em>μέρος</em></span> <span class='ocrx_word' id='word_1_41' title='bbox 1774 691 1962 765; x_wconf 78' lang='grc' dir='ltr'><em>ἥμισυ.</em></span> 
     </span>
     <span class='ocr_line' id='line_1_8' title="bbox 264 780 1960 855; baseline -0.002 -16"><span class='ocrx_word' id='word_1_42' title='bbox 264 785 357 839; x_wconf 81' lang='grc' dir='ltr'><em>διὰ</em></span> <span class='ocrx_word' id='word_1_43' title='bbox 404 782 472 839; x_wconf 79' lang='grc' dir='ltr'><em>τὰ</em></span> <span class='ocrx_word' id='word_1_44' title='bbox 519 782 660 839; x_wconf 80' lang='grc' dir='ltr'><strong><em>αὐτὰ</em></strong></span> <span class='ocrx_word' id='word_1_45' title='bbox 710 782 779 855; x_wconf 84' lang='grc' dir='ltr'><em>δὴ</em></span> <span class='ocrx_word' id='word_1_46' title='bbox 827 783 920 838; x_wconf 82' lang='grc' dir='ltr'><em>καὶ</em></span> <span class='ocrx_word' id='word_1_47' title='bbox 968 781 997 838; x_wconf 86' lang='grc' dir='ltr'><em>ὃ</em></span> <span class='ocrx_word' id='word_1_48' title='bbox 1045 788 1156 838; x_wconf 92' lang='grc' dir='ltr'><em>ΒΓ</em></span> <span class='ocrx_word' id='word_1_49' title='bbox 1197 787 1305 855; x_wconf 81' lang='grc' dir='ltr'><em>ἔχει</em></span> <span class='ocrx_word' id='word_1_50' title='bbox 1357 783 1522 855; x_wconf 78' lang='grc' dir='ltr'><em>μέρος</em></span> <span class='ocrx_word' id='word_1_51' title='bbox 1567 780 1762 853; x_wconf 80' lang='grc' dir='ltr'><em>ἥμισυ·</em></span> <span class='ocrx_word' id='word_1_52' title='bbox 1821 780 1960 837; x_wconf 74' lang='grc' dir='ltr'><em>ὥστε</em></span> 
     </span>
     <span class='ocr_line' id='line_1_9' title="bbox 262 869 1953 943; baseline -0.001 -16"><span class='ocrx_word' id='word_1_53' title='bbox 262 872 354 927; x_wconf 80' lang='grc' dir='ltr'><em>καὶ</em></span> <span class='ocrx_word' id='word_1_54' title='bbox 408 871 604 938; x_wconf 81' lang='grc' dir='ltr'><em>λοιπὸς</em></span> <span class='ocrx_word' id='word_1_55' title='bbox 652 869 705 941; x_wconf 93' lang='lat'><em>[6</em></span> <span class='ocrx_word' id='word_1_56' title='bbox 755 876 855 927; x_wconf 94' lang='grc' dir='ltr'><em>ΓΑ</em></span> <span class='ocrx_word' id='word_1_57' title='bbox 902 875 1011 943; x_wconf 81' lang='grc' dir='ltr'><em>ἔχει</em></span> <span class='ocrx_word' id='word_1_58' title='bbox 1066 872 1232 943; x_wconf 79' lang='grc' dir='ltr'><em>μέρος</em></span> <span class='ocrx_word' id='word_1_59' title='bbox 1286 869 1479 943; x_wconf 80' lang='grc' dir='ltr'><em>ἥμισυ]</em></span> <span class='ocrx_word' id='word_1_60' title='bbox 1544 869 1733 941; x_wconf 76' lang='grc' dir='ltr'><em>ἄρτιος</em></span> <span class='ocrx_word' id='word_1_61' title='bbox 1782 869 1953 942; x_wconf 74' lang='grc' dir='ltr'><em>[ἄρα]</em></span> 
     </span>
     <span class='ocr_line' id='line_1_10' title="bbox 263 958 1219 1031; baseline 0.001 -16"><span class='ocrx_word' id='word_1_62' title='bbox 263 960 414 1016; x_wconf 83' lang='grc' dir='ltr'><em>ἐστὶν</em></span> <span class='ocrx_word' id='word_1_63' title='bbox 455 958 485 1016; x_wconf 90' lang='lat'><em>6</em></span> <span class='ocrx_word' id='word_1_64' title='bbox 526 966 657 1016; x_wconf 90' lang='grc' dir='ltr'><em>ΑΓ·</em></span> <span class='ocrx_word' id='word_1_65' title='bbox 699 958 834 1031; x_wconf 82' lang='grc' dir='ltr'><em>ὅπερ</em></span> <span class='ocrx_word' id='word_1_66' title='bbox 876 964 988 1016; x_wconf 79' lang='grc' dir='ltr'><em>ἔδει</em></span> <span class='ocrx_word' id='word_1_67' title='bbox 1029 961 1219 1027; x_wconf 81' lang='grc' dir='ltr'><em>δεῖξαι.</em></span> 
     </span>
    </p>
   </div>
   <div class='ocr_carea' id='block_1_3' title="bbox 176 1159 1965 1936">
    <p class='ocr_par' dir='ltr' id='par_1_7' title="bbox 176 1159 1161 1199">
     <span class='ocr_line' id='line_1_11' title="bbox 176 1159 1161 1199; baseline -0.005 0"><span class='ocrx_word' id='word_1_68' title='bbox 176 1159 231 1199; x_wconf 89' lang='grc'><em>10</em></span> <span class='ocrx_word' id='word_1_69' title='bbox 1063 1159 1123 1192; x_wconf 82' lang='grc' dir='ltr'><em>κε</em></span> <span class='ocrx_word' id='word_1_70' title='bbox 1151 1183 1161 1194; x_wconf 88' lang='grc'><strong>.</strong></span> 
     </span>
    </p>

    <p class='ocr_par' dir='ltr' id='par_1_8' title="bbox 261 1238 1962 1404">
     <span class='ocr_line' id='line_1_12' title="bbox 370 1238 1962 1314; baseline -0.001 -17"><span class='ocrx_word' id='word_1_71' title='bbox 370 1239 516 1297; x_wconf 78' lang='grc' dir='ltr'><em>Ἐὰν</em></span> <span class='ocrx_word' id='word_1_72' title='bbox 557 1238 680 1297; x_wconf 86' lang='grc' dir='ltr'><em>ἀπὸ</em></span> <span class='ocrx_word' id='word_1_73' title='bbox 724 1238 960 1314; x_wconf 77' lang='grc' dir='ltr'><em>ἀρτίου</em></span> <span class='ocrx_word' id='word_1_74' title='bbox 999 1238 1296 1313; x_wconf 87' lang='grc' dir='ltr'><em>ἀριθμοῦ</em></span> <span class='ocrx_word' id='word_1_75' title='bbox 1336 1239 1652 1313; x_wconf 81' lang='grc' dir='ltr'><em>περισσὸς</em></span> <span class='ocrx_word' id='word_1_76' title='bbox 1684 1239 1962 1312; x_wconf 49' lang='grc' dir='ltr'><em>ἀφοειρεω</em></span> 
     </span>
     <span class='ocr_line' id='line_1_13' title="bbox 261 1328 1317 1404; baseline 0 -18"><span class='ocrx_word' id='word_1_77' title='bbox 261 1334 377 1404; x_wconf 81' lang='grc' dir='ltr'><em>θῇ,</em></span> <span class='ocrx_word' id='word_1_78' title='bbox 419 1328 448 1386; x_wconf 91' lang='lat'><em>6</em></span> <span class='ocrx_word' id='word_1_79' title='bbox 490 1329 721 1396; x_wconf 80' lang='grc' dir='ltr'><em>λοιπὸς</em></span> <span class='ocrx_word' id='word_1_80' title='bbox 760 1329 1078 1403; x_wconf 85' lang='grc' dir='ltr'><em>περισσὸς</em></span> <span class='ocrx_word' id='word_1_81' title='bbox 1118 1334 1317 1386; x_wconf 83' lang='grc' dir='ltr'><em>ἔσται.</em></span> 
     </span>
    </p>

    <p class='ocr_par' dir='ltr' id='par_1_9' title="bbox 261 1414 1956 1579">
     <span class='ocr_line' id='line_1_14' title="bbox 368 1414 1956 1492; baseline -0.001 -18"><span class='ocrx_word' id='word_1_82' title='bbox 368 1417 500 1474; x_wconf 85' lang='grc' dir='ltr'><em>’Λπὸ</em></span> <span class='ocrx_word' id='word_1_83' title='bbox 547 1418 655 1491; x_wconf 77' lang='grc' dir='ltr'><em>γὰρ</em></span> <span class='ocrx_word' id='word_1_84' title='bbox 705 1418 902 1491; x_wconf 83' lang='grc' dir='ltr'><em>ἀρτίου</em></span> <span class='ocrx_word' id='word_1_85' title='bbox 949 1422 1050 1475; x_wconf 80' lang='grc' dir='ltr'><em>τοῦ</em></span> <span class='ocrx_word' id='word_1_86' title='bbox 1095 1425 1203 1474; x_wconf 91' lang='grc' dir='ltr'><em>ΑΒ</em></span> <span class='ocrx_word' id='word_1_87' title='bbox 1253 1417 1515 1492; x_wconf 82' lang='grc' dir='ltr'><em>περισσὸς</em></span> <span class='ocrx_word' id='word_1_88' title='bbox 1565 1417 1884 1491; x_wconf 83' lang='grc' dir='ltr'><em>ἀφῃρήσθω</em></span> <span class='ocrx_word' id='word_1_89' title='bbox 1927 1414 1956 1472; x_wconf 92' lang='lat'><em>6</em></span> 
     </span>
     <span class='ocr_line' id='line_1_15' title="bbox 261 1505 1755 1579; baseline 0 -16"><span class='ocrx_word' id='word_1_90' title='bbox 261 1513 389 1564; x_wconf 90' lang='grc' dir='ltr'><em>ΒΓ·</em></span> <span class='ocrx_word' id='word_1_91' title='bbox 429 1509 599 1579; x_wconf 82' lang='grc' dir='ltr'><em>λέγω,</em></span> <span class='ocrx_word' id='word_1_92' title='bbox 640 1505 726 1564; x_wconf 81' lang='grc' dir='ltr'><em>ὅτι</em></span> <span class='ocrx_word' id='word_1_93' title='bbox 767 1506 795 1563; x_wconf 93' lang='lat'><em>6</em></span> <span class='ocrx_word' id='word_1_94' title='bbox 838 1507 1034 1574; x_wconf 82' lang='grc' dir='ltr'><em>λοιπὸς</em></span> <span class='ocrx_word' id='word_1_95' title='bbox 1073 1505 1102 1564; x_wconf 91' lang='lat'><em>6</em></span> <span class='ocrx_word' id='word_1_96' title='bbox 1145 1512 1244 1563; x_wconf 90' lang='grc' dir='ltr'><em>ΓΑ</em></span> <span class='ocrx_word' id='word_1_97' title='bbox 1284 1508 1548 1579; x_wconf 84' lang='grc' dir='ltr'><em>περισσός</em></span> <span class='ocrx_word' id='word_1_98' title='bbox 1587 1509 1755 1563; x_wconf 81' lang='grc' dir='ltr'><em>ἐστιν.</em></span> 
     </span>
    </p>

    <p class='ocr_par' dir='ltr' id='par_1_10' title="bbox 176 1593 1965 1936">
     <span class='ocr_line' id='line_1_16' title="bbox 176 1593 1964 1671; baseline -0.004 -14"><span class='ocrx_word' id='word_1_99' title='bbox 176 1617 231 1658; x_wconf 83' lang='grc'><em>15</em></span> <span class='ocrx_word' id='word_1_100' title='bbox 371 1595 711 1671; x_wconf 79' lang='grc' dir='ltr'><em>Ἀφῃρήσθω</em></span> <span class='ocrx_word' id='word_1_101' title='bbox 752 1595 859 1670; x_wconf 74' lang='grc' dir='ltr'><em>γὰρ</em></span> <span class='ocrx_word' id='word_1_102' title='bbox 899 1595 1008 1653; x_wconf 86' lang='grc' dir='ltr'><em>ἀπὸ</em></span> <span class='ocrx_word' id='word_1_103' title='bbox 1050 1600 1150 1653; x_wconf 82' lang='grc' dir='ltr'><em>τοῦ</em></span> <span class='ocrx_word' id='word_1_104' title='bbox 1190 1601 1303 1652; x_wconf 89' lang='grc' dir='ltr'><em>ΒΓ</em></span> <span class='ocrx_word' id='word_1_105' title='bbox 1333 1594 1510 1668; x_wconf 82' lang='grc' dir='ltr'><em>μονὰς</em></span> <span class='ocrx_word' id='word_1_106' title='bbox 1547 1593 1581 1667; x_wconf 86' lang='grc' dir='ltr'><em>ἡ</em></span> <span class='ocrx_word' id='word_1_107' title='bbox 1622 1601 1746 1652; x_wconf 86' lang='grc' dir='ltr'><em>ΓΔ·</em></span> <span class='ocrx_word' id='word_1_108' title='bbox 1789 1593 1819 1651; x_wconf 81' lang='grc' dir='ltr'>ὁ</span> <span class='ocrx_word' id='word_1_109' title='bbox 1853 1601 1964 1650; x_wconf 90' lang='grc' dir='ltr'><em>ΔΒ</em></span> 
     </span>
     <span class='ocr_line' id='line_1_17' title="bbox 262 1682 1963 1758; baseline 0 -18"><span class='ocrx_word' id='word_1_110' title='bbox 262 1687 372 1758; x_wconf 75' lang='grc' dir='ltr'><em>ἄρα</em></span> <span class='ocrx_word' id='word_1_111' title='bbox 429 1684 622 1758; x_wconf 76' lang='grc' dir='ltr'><em>ἄρτιός</em></span> <span class='ocrx_word' id='word_1_112' title='bbox 677 1689 845 1744; x_wconf 84' lang='grc' dir='ltr'><em>ἐστιν.</em></span> <span class='ocrx_word' id='word_1_113' title='bbox 931 1690 1045 1741; x_wconf 79' lang='grc' dir='ltr'><em>ἔστι</em></span> <span class='ocrx_word' id='word_1_114' title='bbox 1102 1684 1163 1741; x_wconf 73' lang='grc' dir='ltr'><em>δὲ</em></span> <span class='ocrx_word' id='word_1_115' title='bbox 1217 1685 1309 1741; x_wconf 86' lang='grc' dir='ltr'><em>καὶ</em></span> <span class='ocrx_word' id='word_1_116' title='bbox 1366 1682 1395 1741; x_wconf 91' lang='lat'><em>6</em></span> <span class='ocrx_word' id='word_1_117' title='bbox 1445 1691 1554 1741; x_wconf 92' lang='lat' dir='ltr'><em>AB</em></span> <span class='ocrx_word' id='word_1_118' title='bbox 1603 1683 1814 1758; x_wconf 74' lang='grc' dir='ltr'><em>ἄρτιος·</em></span> <span class='ocrx_word' id='word_1_119' title='bbox 1870 1684 1963 1740; x_wconf 88' lang='grc' dir='ltr'><em>καὶ</em></span> 
     </span>
     <span class='ocr_line' id='line_1_18' title="bbox 261 1770 1965 1848; baseline -0.001 -18"><span class='ocrx_word' id='word_1_120' title='bbox 261 1773 456 1841; x_wconf 79' lang='grc' dir='ltr'><em>λοιπὸς</em></span> <span class='ocrx_word' id='word_1_121' title='bbox 512 1775 623 1848; x_wconf 77' lang='grc' dir='ltr'><em>ἄρα</em></span> <span class='ocrx_word' id='word_1_122' title='bbox 672 1773 701 1831; x_wconf 89' lang='lat'><em>6</em></span> <span class='ocrx_word' id='word_1_123' title='bbox 750 1781 870 1831; x_wconf 88' lang='lat' dir='ltr'><em>AA</em></span> <span class='ocrx_word' id='word_1_124' title='bbox 918 1773 1109 1847; x_wconf 76' lang='grc' dir='ltr'><em>ἄρτιός</em></span> <span class='ocrx_word' id='word_1_125' title='bbox 1156 1776 1322 1830; x_wconf 85' lang='grc' dir='ltr'><em>ἐστιν.</em></span> <span class='ocrx_word' id='word_1_126' title='bbox 1399 1778 1499 1829; x_wconf 84' lang='grc' dir='ltr'><em>καί</em></span> <span class='ocrx_word' id='word_1_127' title='bbox 1540 1775 1652 1830; x_wconf 76' lang='grc' dir='ltr'><em>ἐστι</em></span> <span class='ocrx_word' id='word_1_128' title='bbox 1708 1771 1885 1846; x_wconf 79' lang='grc' dir='ltr'><em>μονὰς</em></span> <span class='ocrx_word' id='word_1_129' title='bbox 1931 1770 1965 1844; x_wconf 81' lang='grc' dir='ltr'><em>ἡ</em></span> 
     </span>
     <span class='ocr_line' id='line_1_19' title="bbox 261 1861 1836 1936; baseline -0.001 -16"><span class='ocrx_word' id='word_1_130' title='bbox 261 1869 398 1920; x_wconf 88' lang='grc' dir='ltr'><em>ΓΔ·</em></span> <span class='ocrx_word' id='word_1_131' title='bbox 441 1861 470 1920; x_wconf 91' lang='lat'><em>6</em></span> <span class='ocrx_word' id='word_1_132' title='bbox 513 1869 614 1919; x_wconf 93' lang='grc' dir='ltr'><em>ΓΑ</em></span> <span class='ocrx_word' id='word_1_133' title='bbox 653 1861 760 1936; x_wconf 76' lang='grc' dir='ltr'><em>ἄρα</em></span> <span class='ocrx_word' id='word_1_134' title='bbox 801 1862 1062 1936; x_wconf 80' lang='grc' dir='ltr'><em>περισσός</em></span> <span class='ocrx_word' id='word_1_135' title='bbox 1102 1864 1277 1919; x_wconf 81' lang='grc' dir='ltr'><em>ἐστιν·</em></span> <span class='ocrx_word' id='word_1_136' title='bbox 1320 1863 1454 1935; x_wconf 78' lang='grc' dir='ltr'><em>’ὅπερ</em></span> <span class='ocrx_word' id='word_1_137' title='bbox 1495 1865 1608 1917; x_wconf 82' lang='grc' dir='ltr'><em>ἔδει</em></span> <span class='ocrx_word' id='word_1_138' title='bbox 1649 1863 1836 1928; x_wconf 83' lang='grc' dir='ltr'><em>δεῖξαι.</em></span> 
     </span>
    </p>
   </div>
   <div class='ocr_carea' id='block_1_4' title="bbox 173 2026 1963 2468">
    <p class='ocr_par' dir='ltr' id='par_1_11' title="bbox 173 2026 1963 2468">
     <span class='ocr_line' id='line_1_20' title="bbox 992 2026 1172 2088; baseline -0.039 0"><span class='ocrx_word' id='word_1_139' title='bbox 992 2081 998 2088; x_wconf 91' lang='grc'><strong>.</strong></span> <span class='ocrx_word' id='word_1_140' title='bbox 1063 2026 1172 2084; x_wconf 85' lang='grc' dir='ltr'><em>κς’.</em></span> 
     </span>
     <span class='ocr_line' id='line_1_21' title="bbox 173 2125 1954 2203; baseline -0.004 -13"><span class='ocrx_word' id='word_1_141' title='bbox 173 2151 230 2192; x_wconf 81' lang='lat'><em>20</em></span> <span class='ocrx_word' id='word_1_142' title='bbox 372 2129 517 2187; x_wconf 84' lang='grc' dir='ltr'><em>Ἐὰν</em></span> <span class='ocrx_word' id='word_1_143' title='bbox 558 2127 681 2186; x_wconf 84' lang='grc' dir='ltr'><em>ἀπὸ</em></span> <span class='ocrx_word' id='word_1_144' title='bbox 722 2133 1044 2202; x_wconf 83' lang='grc' dir='ltr'><em>περισσοῦ</em></span> <span class='ocrx_word' id='word_1_145' title='bbox 1081 2128 1376 2203; x_wconf 85' lang='grc' dir='ltr'><em>ἀριθμοῦ</em></span> <span class='ocrx_word' id='word_1_146' title='bbox 1414 2127 1726 2202; x_wconf 82' lang='grc' dir='ltr'><em>περισσὸς</em></span> <span class='ocrx_word' id='word_1_147' title='bbox 1759 2125 1954 2200; x_wconf 83' lang='grc' dir='ltr'><em>ἀφαι-</em></span> 
     </span>
     <span class='ocr_line' id='line_1_22' title="bbox 263 2216 1303 2292; baseline -0.002 -17"><span class='ocrx_word' id='word_1_148' title='bbox 263 2223 454 2292; x_wconf 82' lang='grc' dir='ltr'><em>ρεθῇ,</em></span> <span class='ocrx_word' id='word_1_149' title='bbox 496 2216 526 2274; x_wconf 90' lang='lat'><em>6</em></span> <span class='ocrx_word' id='word_1_150' title='bbox 567 2217 798 2284; x_wconf 82' lang='grc' dir='ltr'><em>λοιπὸς</em></span> <span class='ocrx_word' id='word_1_151' title='bbox 837 2217 1066 2291; x_wconf 76' lang='grc' dir='ltr'><em>ἄρτιος</em></span> <span class='ocrx_word' id='word_1_152' title='bbox 1106 2222 1303 2274; x_wconf 85' lang='grc' dir='ltr'><em>ἔσται.</em></span> 
     </span>
     <span class='ocr_line' id='line_1_23' title="bbox 371 2304 1963 2381; baseline -0.001 -18"><span class='ocrx_word' id='word_1_153' title='bbox 371 2305 502 2363; x_wconf 84' lang='grc' dir='ltr'><em>Ἀπὸ</em></span> <span class='ocrx_word' id='word_1_154' title='bbox 556 2306 662 2381; x_wconf 76' lang='grc' dir='ltr'><em>γὰρ</em></span> <span class='ocrx_word' id='word_1_155' title='bbox 711 2311 980 2380; x_wconf 86' lang='grc' dir='ltr'><em>περισσοῦ</em></span> <span class='ocrx_word' id='word_1_156' title='bbox 1028 2309 1129 2363; x_wconf 83' lang='grc' dir='ltr'><em>τοῦ</em></span> <span class='ocrx_word' id='word_1_157' title='bbox 1177 2313 1286 2362; x_wconf 91' lang='grc' dir='ltr'><em>ΑΒ</em></span> <span class='ocrx_word' id='word_1_158' title='bbox 1332 2304 1595 2379; x_wconf 83' lang='grc' dir='ltr'><em>περισσὸς</em></span> <span class='ocrx_word' id='word_1_159' title='bbox 1644 2305 1963 2379; x_wconf 89' lang='grc' dir='ltr'><em>ἀφῃρήσθω</em></span> 
     </span>
     <span class='ocr_line' id='line_1_24' title="bbox 266 2393 1754 2468; baseline -0.002 -16"><span class='ocrx_word' id='word_1_160' title='bbox 266 2395 295 2452; x_wconf 91' lang='lat'><em>6</em></span> <span class='ocrx_word' id='word_1_161' title='bbox 338 2401 462 2452; x_wconf 87' lang='grc' dir='ltr'><em>ΒΓ·</em></span> <span class='ocrx_word' id='word_1_162' title='bbox 502 2397 670 2468; x_wconf 79' lang='grc' dir='ltr'><em>λέγω,</em></span> <span class='ocrx_word' id='word_1_163' title='bbox 714 2397 799 2453; x_wconf 81' lang='grc' dir='ltr'><em>ὅτι</em></span> <span class='ocrx_word' id='word_1_164' title='bbox 840 2394 870 2452; x_wconf 89' lang='lat'><em>6</em></span> <span class='ocrx_word' id='word_1_165' title='bbox 912 2394 1106 2462; x_wconf 81' lang='grc' dir='ltr'><em>λοιπὸς</em></span> <span class='ocrx_word' id='word_1_166' title='bbox 1146 2393 1175 2452; x_wconf 92' lang='lat'><em>6</em></span> <span class='ocrx_word' id='word_1_167' title='bbox 1217 2400 1318 2451; x_wconf 91' lang='grc' dir='ltr'><em>ΓΑ</em></span> <span class='ocrx_word' id='word_1_168' title='bbox 1358 2393 1548 2468; x_wconf 76' lang='grc' dir='ltr'><em>ἄρτιός</em></span> <span class='ocrx_word' id='word_1_169' title='bbox 1587 2396 1754 2450; x_wconf 81' lang='grc' dir='ltr'><em>ἐστιν.</em></span> 
     </span>
    </p>
   </div>
   <div class='ocr_carea' id='block_1_5' title="bbox 266 2510 623 2521">
    <p class='ocr_par' dir='ltr' id='par_1_12' title="bbox 266 2510 623 2521">
     <span class='ocr_line' id='line_1_25' title="bbox 266 2510 623 2521; baseline 0 0"><span class='ocrx_word' id='word_1_170' title='bbox 266 2510 623 2521; x_wconf 95' lang='lat' dir='ltr'><em> </em></span> 
     </span>
    </p>
   </div>
   <div class='ocr_carea' id='block_1_6' title="bbox 264 2555 1968 2913">
    <p class='ocr_par' dir='ltr' id='par_1_13' title="bbox 264 2555 1968 2913">
     <span class='ocr_line' id='line_1_26' title="bbox 384 2555 1966 2632; baseline -0.002 -28"><span class='ocrx_word' id='word_1_171' title='bbox 384 2566 425 2604; x_wconf 91' lang='grc'><strong>4.</strong></span> <span class='ocrx_word' id='word_1_172' title='bbox 459 2556 729 2618; x_wconf 79' lang='grc' dir='ltr'><em>ἀφῃρήσθω</em></span> <span class='ocrx_word' id='word_1_173' title='bbox 763 2555 924 2632; x_wconf 80' lang='grc' dir='ltr'><em>ἄρτιος</em></span> <span class='ocrx_word' id='word_1_174' title='bbox 955 2559 1003 2604; x_wconf 91' lang='grc' dir='ltr'><em>Ρ.</em></span> <span class='ocrx_word' id='word_1_175' title='bbox 1129 2565 1170 2604; x_wconf 86' lang='grc'><em>5.</em></span> <span class='ocrx_word' id='word_1_176' title='bbox 1206 2559 1310 2618; x_wconf 92' lang='grc' dir='ltr'><em>ΓΑ]</em></span> <span class='ocrx_word' id='word_1_177' title='bbox 1346 2562 1390 2603; x_wconf 94' lang='grc' dir='ltr'><em>Γ</em></span> <span class='ocrx_word' id='word_1_178' title='bbox 1416 2559 1466 2603; x_wconf 91' lang='grc' dir='ltr'><em>Ρ.</em></span> <span class='ocrx_word' id='word_1_179' title='bbox 1590 2556 1720 2603; x_wconf 76' lang='grc' dir='ltr'><em>ἔσται</em></span> <span class='ocrx_word' id='word_1_180' title='bbox 1750 2558 1800 2602; x_wconf 94' lang='lat' dir='ltr'><em>F.</em></span> <span class='ocrx_word' id='word_1_181' title='bbox 1924 2562 1966 2602; x_wconf 82' lang='lat'><em>7.</em></span> 
     </span>
     <span class='ocr_line' id='line_1_27' title="bbox 264 2614 1965 2692; baseline -0.002 -29"><span class='ocrx_word' id='word_1_182' title='bbox 264 2620 380 2692; x_wconf 92' lang='grc' dir='ltr'><em>ΒΓ]</em></span> <span class='ocrx_word' id='word_1_183' title='bbox 415 2623 498 2663; x_wconf 90' lang='grc' dir='ltr'><em>ΓΒ</em></span> <span class='ocrx_word' id='word_1_184' title='bbox 530 2620 580 2663; x_wconf 88' lang='lat' dir='ltr'><em>F.</em></span> <span class='ocrx_word' id='word_1_185' title='bbox 704 2623 744 2663; x_wconf 88' lang='grc'><em>8.</em></span> <span class='ocrx_word' id='word_1_186' title='bbox 779 2615 804 2664; x_wconf 88' lang='grc' dir='ltr'><strong>ὁ</strong></span> <span class='ocrx_word' id='word_1_187' title='bbox 842 2623 917 2663; x_wconf 91' lang='grc' dir='ltr'><em>ΓΑ</em></span> <span class='ocrx_word' id='word_1_188' title='bbox 943 2644 999 2651; x_wconf 89' lang='grc'>-</span> <span class='ocrx_word' id='word_1_189' title='bbox 1024 2614 1188 2677; x_wconf 75' lang='grc' dir='ltr'><em>ἥμισυ]</em></span> <span class='ocrx_word' id='word_1_190' title='bbox 1224 2633 1313 2663; x_wconf 90' lang='lat' dir='ltr'><em>om.</em></span> <span class='ocrx_word' id='word_1_191' title='bbox 1358 2619 1410 2663; x_wconf 91' lang='lat' dir='ltr'><em>P.</em></span> <span class='ocrx_word' id='word_1_192' title='bbox 1534 2617 1638 2676; x_wconf 91' lang='grc' dir='ltr'><em>ΓΑ]</em></span> <span class='ocrx_word' id='word_1_193' title='bbox 1684 2631 1708 2662; x_wconf 86' lang='lat' dir='ltr'>e</span> <span class='ocrx_word' id='word_1_194' title='bbox 1753 2630 1868 2662; x_wconf 84' lang='lat' dir='ltr'><strong>corr.</strong></span> <span class='ocrx_word' id='word_1_195' title='bbox 1910 2616 1965 2662; x_wconf 90' lang='lat' dir='ltr'><em>V.</em></span> 
     </span>
     <span class='ocr_line' id='line_1_28' title="bbox 264 2672 1968 2747; baseline -0.002 -25"><span class='ocrx_word' id='word_1_196' title='bbox 264 2675 388 2737; x_wconf 78' lang='grc' dir='ltr'><em>ἀρα]</em></span> <span class='ocrx_word' id='word_1_197' title='bbox 423 2691 514 2724; x_wconf 91' lang='lat' dir='ltr'><em>om.</em></span> <span class='ocrx_word' id='word_1_198' title='bbox 546 2678 597 2722; x_wconf 92' lang='lat' dir='ltr'><em>P.</em></span> <span class='ocrx_word' id='word_1_199' title='bbox 751 2683 792 2723; x_wconf 87' lang='lat'><strong>9.</strong></span> <span class='ocrx_word' id='word_1_200' title='bbox 827 2672 942 2732; x_wconf 77' lang='grc' dir='ltr'><em>ὅπερ</em></span> <span class='ocrx_word' id='word_1_201' title='bbox 976 2676 1076 2723; x_wconf 74' lang='grc' dir='ltr'><em>ἔδει</em></span> <span class='ocrx_word' id='word_1_202' title='bbox 1115 2678 1292 2736; x_wconf 81' lang='grc' dir='ltr'><em>δειξαι]</em></span> <span class='ocrx_word' id='word_1_203' title='bbox 1333 2692 1423 2722; x_wconf 89' lang='lat' dir='ltr'><em>om.</em></span> <span class='ocrx_word' id='word_1_204' title='bbox 1458 2677 1597 2747; x_wconf 90' lang='lat' dir='ltr'><strong>BVq.</strong></span> <span class='ocrx_word' id='word_1_205' title='bbox 1753 2682 1822 2721; x_wconf 91' lang='lat'><em>11.</em></span> <span class='ocrx_word' id='word_1_206' title='bbox 1854 2676 1968 2720; x_wconf 75' lang='lat' dir='ltr'>Post</span> 
     </span>
     <span class='ocr_line' id='line_1_29' title="bbox 264 2732 1965 2795; baseline -0.001 -14"><span class='ocrx_word' id='word_1_207' title='bbox 264 2735 485 2793; x_wconf 79' lang='grc' dir='ltr'><em>περισσός</em></span> <span class='ocrx_word' id='word_1_208' title='bbox 516 2737 623 2781; x_wconf 84' lang='lat' dir='ltr'><strong>add.</strong></span> <span class='ocrx_word' id='word_1_209' title='bbox 654 2737 712 2781; x_wconf 91' lang='lat' dir='ltr'><em>F:</em></span> <span class='ocrx_word' id='word_1_210' title='bbox 745 2733 953 2795; x_wconf 81' lang='grc' dir='ltr'><em>ἀριθμός</em></span> <span class='ocrx_word' id='word_1_211' title='bbox 986 2739 1190 2794; x_wconf 45' lang='grc' dir='ltr'><em>(οοῑηρυ)</em></span> <span class='ocrx_word' id='word_1_212' title='bbox 1295 2741 1363 2780; x_wconf 94' lang='grc'><em>14.</em></span> <span class='ocrx_word' id='word_1_213' title='bbox 1398 2732 1492 2794; x_wconf 85' lang='grc' dir='ltr'><em>οτι]</em></span> <span class='ocrx_word' id='word_1_214' title='bbox 1526 2753 1600 2780; x_wconf 83' lang='grc' dir='ltr'><em>οτι</em></span> <span class='ocrx_word' id='word_1_215' title='bbox 1631 2737 1720 2780; x_wconf 79' lang='grc' dir='ltr'><em>καί</em></span> <span class='ocrx_word' id='word_1_216' title='bbox 1744 2735 1801 2779; x_wconf 92' lang='lat' dir='ltr'><em>V.</em></span> <span class='ocrx_word' id='word_1_217' title='bbox 1897 2740 1965 2779; x_wconf 87' lang='lat'><strong>15.</strong></span> 
     </span>
     <span class='ocr_line' id='line_1_30' title="bbox 264 2792 1964 2854; baseline -0.001 -14"><span class='ocrx_word' id='word_1_218' title='bbox 264 2794 319 2854; x_wconf 83' lang='lat'><em>6]</em></span> <span class='ocrx_word' id='word_1_219' title='bbox 354 2810 436 2852; x_wconf 85' lang='lat' dir='ltr'><em>seq</em></span> <span class='ocrx_word' id='word_1_220' title='bbox 404 2810 448 2852; x_wconf 89' lang='lat' dir='ltr'><strong>q.</strong></span> <span class='ocrx_word' id='word_1_221' title='bbox 481 2811 572 2843; x_wconf 79' lang='lat' dir='ltr'><strong>ras.</strong></span> <span class='ocrx_word' id='word_1_222' title='bbox 606 2801 632 2840; x_wconf 82' lang='lat'><strong>2</strong></span> <span class='ocrx_word' id='word_1_223' title='bbox 665 2795 1172 2842; x_wconf 63' lang='grc' dir='ltr'><em>11ιι.Ρ.16.ἐ’στι</em></span> <span class='ocrx_word' id='word_1_224' title='bbox 1205 2794 1260 2840; x_wconf 83' lang='grc' dir='ltr'><em>δέ</em></span> <span class='ocrx_word' id='word_1_225' title='bbox 1285 2821 1340 2829; x_wconf 94' lang='grc'>-</span> <span class='ocrx_word' id='word_1_226' title='bbox 1369 2801 1446 2840; x_wconf 82' lang='lat'><em>17:</em></span> <span class='ocrx_word' id='word_1_227' title='bbox 1480 2792 1626 2854; x_wconf 82' lang='grc' dir='ltr'><em>ἐστιν]</em></span> <span class='ocrx_word' id='word_1_228' title='bbox 1659 2795 1732 2839; x_wconf 80' lang='lat' dir='ltr'><em>bis</em></span> <span class='ocrx_word' id='word_1_229' title='bbox 1763 2795 1815 2850; x_wconf 88' lang='lat' dir='ltr'><em>F,</em></span> <span class='ocrx_word' id='word_1_230' title='bbox 1848 2808 1964 2839; x_wconf 84' lang='lat' dir='ltr'><strong>corr.</strong></span> 
     </span>
     <span class='ocr_line' id='line_1_31' title="bbox 266 2851 1965 2913; baseline -0.002 -14"><span class='ocrx_word' id='word_1_231' title='bbox 266 2853 963 2913; x_wconf 69' lang='grc' dir='ltr'><em>ω.1.16.ἕστι]ἐ’.στινΡ</em></span> <span class='ocrx_word' id='word_1_232' title='bbox 1062 2862 1128 2902; x_wconf 84' lang='grc'><em>17.</em></span> <span class='ocrx_word' id='word_1_233' title='bbox 1163 2852 1310 2913; x_wconf 78' lang='grc' dir='ltr'><em>ἐστιν]</em></span> <span class='ocrx_word' id='word_1_234' title='bbox 1350 2855 1408 2909; x_wconf 89' lang='grc' dir='ltr'><em>Ρ;</em></span> <span class='ocrx_word' id='word_1_235' title='bbox 1451 2869 1600 2911; x_wconf 88' lang='lat' dir='ltr'><strong>comp.</strong></span> <span class='ocrx_word' id='word_1_236' title='bbox 1635 2855 1692 2909; x_wconf 84' lang='lat' dir='ltr'><strong>F3</strong></span> <span class='ocrx_word' id='word_1_237' title='bbox 1736 2851 1833 2899; x_wconf 79' lang='grc' dir='ltr'><em>ἐστι</em></span> <span class='ocrx_word' id='word_1_238' title='bbox 1864 2852 1965 2910; x_wconf 91' lang='lat' dir='ltr'><em>Vq.</em></span> 
     </span>
    </p>
   </div>
  </div>
 </body>
</html>
