<?xml version="1.0" encoding="UTF-8"?>
<!DOCTYPE html PUBLIC "-//W3C//DTD XHTML 1.0 Transitional//EN"
    "http://www.w3.org/TR/xhtml1/DTD/xhtml1-transitional.dtd">
<html xmlns="http://www.w3.org/1999/xhtml" xml:lang="en" lang="en">
 <head>
  <title>
</title>
<meta http-equiv="Content-Type" content="text/html;charset=utf-8" />
  <meta name='ocr-system' content='tesseract 3.04.00' />
  <meta name='ocr-capabilities' content='ocr_page ocr_carea ocr_par ocr_line ocrx_word'/>
</head>
<body>
  <div class='ocr_page' id='page_1' title='image "./euclidisoperaomn02eucluoft_0145.png"; bbox 0 0 1988 3152; ppageno 0'>
   <div class='ocr_carea' id='block_1_1' title="bbox 572 146 1825 199">
    <p class='ocr_par' dir='ltr' id='par_1_1' title="bbox 572 146 1825 199">
     <span class='ocr_line' id='line_1_1' title="bbox 572 146 1825 199; baseline 0.01 -12"><span class='ocrx_word' id='word_1_1' title='bbox 572 146 1032 189; x_wconf 79' lang='lat' dir='ltr'>ELEMENTORUM</span> <span class='ocrx_word' id='word_1_2' title='bbox 1062 148 1245 190; x_wconf 73' lang='lat' dir='ltr'>LIBER</span> <span class='ocrx_word' id='word_1_3' title='bbox 1275 148 1353 190; x_wconf 87' lang='lat' dir='ltr'>VI.</span> <span class='ocrx_word' id='word_1_4' title='bbox 1719 146 1825 199; x_wconf 87' lang='grc'>119</span> 
     </span>
    </p>
   </div>
   <div class='ocr_carea' id='block_1_2' title="bbox 131 266 1827 408">
    <p class='ocr_par' dir='ltr' id='par_1_2' title="bbox 131 266 1827 408">
     <span class='ocr_line' id='line_1_2' title="bbox 131 266 1827 337; baseline 0.001 -19"><span class='ocrx_word' id='word_1_5' title='bbox 131 266 190 318; x_wconf 89' lang='lat' dir='ltr'>in</span> <span class='ocrx_word' id='word_1_6' title='bbox 245 266 516 320; x_wconf 82' lang='lat' dir='ltr'>contraria</span> <span class='ocrx_word' id='word_1_7' title='bbox 565 266 917 335; x_wconf 77' lang='lat' dir='ltr'>proportione</span> <span class='ocrx_word' id='word_1_8' title='bbox 974 267 1105 337; x_wconf 82' lang='lat' dir='ltr'>sint,</span> <span class='ocrx_word' id='word_1_9' title='bbox 1167 267 1416 337; x_wconf 81' lang='lat' dir='ltr'>aequales</span> <span class='ocrx_word' id='word_1_10' title='bbox 1473 269 1621 336; x_wconf 81' lang='lat' dir='ltr'>sunt3</span> <span class='ocrx_word' id='word_1_11' title='bbox 1684 267 1827 335; x_wconf 91' lang='lat' dir='ltr'>quod</span> 
     </span>
     <span class='ocr_line' id='line_1_3' title="bbox 131 354 779 408; baseline -0.003 0"><span class='ocrx_word' id='word_1_12' title='bbox 131 358 249 408; x_wconf 86' lang='lat' dir='ltr'>erat</span> <span class='ocrx_word' id='word_1_13' title='bbox 287 354 779 408; x_wconf 86' lang='lat' dir='ltr'>demonstrandum.</span> 
     </span>
    </p>
   </div>
   <div class='ocr_carea' id='block_1_3' title="bbox 906 486 1053 541">
    <p class='ocr_par' dir='ltr' id='par_1_3' title="bbox 906 486 1053 541">
     <span class='ocr_line' id='line_1_4' title="bbox 906 486 1053 541; baseline 0.007 -1"><span class='ocrx_word' id='word_1_14' title='bbox 906 486 1053 541; x_wconf 87' lang='lat' dir='ltr'><strong>XVI.</strong></span> 
     </span>
    </p>
   </div>
   <div class='ocr_carea' id='block_1_4' title="bbox 125 588 1828 1269">
    <p class='ocr_par' dir='ltr' id='par_1_4' title="bbox 128 588 1828 1016">
     <span class='ocr_line' id='line_1_5' title="bbox 246 588 1828 662; baseline 0.002 -19"><span class='ocrx_word' id='word_1_15' title='bbox 246 588 304 643; x_wconf 83' lang='lat' dir='ltr'>Si</span> <span class='ocrx_word' id='word_1_16' title='bbox 336 595 592 661; x_wconf 89' lang='lat' dir='ltr'>quattuor</span> <span class='ocrx_word' id='word_1_17' title='bbox 617 593 797 645; x_wconf 83' lang='lat' dir='ltr'>rectae</span> <span class='ocrx_word' id='word_1_18' title='bbox 821 591 1254 661; x_wconf 69' lang='lat' dir='ltr'>proportionales</span> <span class='ocrx_word' id='word_1_19' title='bbox 1282 594 1426 660; x_wconf 89' lang='lat' dir='ltr'>sunt,</span> <span class='ocrx_word' id='word_1_20' title='bbox 1451 593 1828 662; x_wconf 84' lang='lat' dir='ltr'>rectangulum</span> 
     </span>
     <span class='ocr_line' id='line_1_6' title="bbox 130 679 1827 751; baseline 0.002 -19"><span class='ocrx_word' id='word_1_21' title='bbox 130 680 387 733; x_wconf 73' lang='lat' dir='ltr'>extremis</span> <span class='ocrx_word' id='word_1_22' title='bbox 433 680 680 733; x_wconf 86' lang='lat' dir='ltr'>terminis</span> <span class='ocrx_word' id='word_1_23' title='bbox 731 679 1178 750; x_wconf 84' lang='lat' dir='ltr'>comprehensum</span> <span class='ocrx_word' id='word_1_24' title='bbox 1227 681 1449 751; x_wconf 89' lang='lat' dir='ltr'>aequale</span> <span class='ocrx_word' id='word_1_25' title='bbox 1497 685 1579 734; x_wconf 90' lang='lat' dir='ltr'>est</span> <span class='ocrx_word' id='word_1_26' title='bbox 1616 684 1827 735; x_wconf 82' lang='lat' dir='ltr'>rectan-</span> 
     </span>
     <span class='ocr_line' id='line_1_7' title="bbox 130 769 1825 841; baseline 0.002 -20"><span class='ocrx_word' id='word_1_27' title='bbox 130 769 260 838; x_wconf 86' lang='lat' dir='ltr'>gulo</span> <span class='ocrx_word' id='word_1_28' title='bbox 302 769 491 822; x_wconf 86' lang='lat' dir='ltr'>mediis</span> <span class='ocrx_word' id='word_1_29' title='bbox 525 769 939 838; x_wconf 83' lang='lat' dir='ltr'>comprehenso;</span> <span class='ocrx_word' id='word_1_30' title='bbox 979 773 1033 822; x_wconf 92' lang='lat' dir='ltr'>et</span> <span class='ocrx_word' id='word_1_31' title='bbox 1073 770 1121 824; x_wconf 88' lang='lat' dir='ltr'>si</span> <span class='ocrx_word' id='word_1_32' title='bbox 1159 770 1539 841; x_wconf 83' lang='lat' dir='ltr'>rectangulum</span> <span class='ocrx_word' id='word_1_33' title='bbox 1571 771 1825 824; x_wconf 87' lang='lat' dir='ltr'>extremis</span> 
     </span>
     <span class='ocr_line' id='line_1_8' title="bbox 129 858 1827 930; baseline 0.002 -20"><span class='ocrx_word' id='word_1_34' title='bbox 129 858 379 910; x_wconf 88' lang='lat' dir='ltr'>terminis</span> <span class='ocrx_word' id='word_1_35' title='bbox 418 858 869 927; x_wconf 81' lang='lat' dir='ltr'>comprehensum</span> <span class='ocrx_word' id='word_1_36' title='bbox 909 858 1133 928; x_wconf 87' lang='lat' dir='ltr'>aequale</span> <span class='ocrx_word' id='word_1_37' title='bbox 1174 861 1257 911; x_wconf 92' lang='lat' dir='ltr'>est</span> <span class='ocrx_word' id='word_1_38' title='bbox 1287 860 1604 930; x_wconf 84' lang='lat' dir='ltr'>rectangulo</span> <span class='ocrx_word' id='word_1_39' title='bbox 1637 859 1827 913; x_wconf 86' lang='lat' dir='ltr'>mediis</span> 
     </span>
     <span class='ocr_line' id='line_1_9' title="bbox 128 944 1720 1016; baseline 0.002 -17"><span class='ocrx_word' id='word_1_40' title='bbox 128 944 545 1015; x_wconf 84' lang='lat' dir='ltr'>comprehenso,</span> <span class='ocrx_word' id='word_1_41' title='bbox 585 948 843 1014; x_wconf 89' lang='lat' dir='ltr'>quattuor</span> <span class='ocrx_word' id='word_1_42' title='bbox 880 948 1059 1000; x_wconf 85' lang='lat' dir='ltr'>rectae</span> <span class='ocrx_word' id='word_1_43' title='bbox 1099 948 1536 1016; x_wconf 74' lang='lat' dir='ltr'>proportionales</span> <span class='ocrx_word' id='word_1_44' title='bbox 1578 951 1720 1002; x_wconf 89' lang='lat' dir='ltr'>sunt.</span> 
     </span>
    </p>

    <p class='ocr_par' dir='ltr' id='par_1_5' title="bbox 125 1032 1827 1269">
     <span class='ocr_line' id='line_1_10' title="bbox 241 1032 1827 1107; baseline 0.004 -21"><span class='ocrx_word' id='word_1_45' title='bbox 241 1032 363 1087; x_wconf 86' lang='lat' dir='ltr'>Sint</span> <span class='ocrx_word' id='word_1_46' title='bbox 396 1036 653 1104; x_wconf 90' lang='lat' dir='ltr'>quattuor</span> <span class='ocrx_word' id='word_1_47' title='bbox 691 1037 870 1088; x_wconf 81' lang='lat' dir='ltr'>rectae</span> <span class='ocrx_word' id='word_1_48' title='bbox 901 1035 1342 1105; x_wconf 88' lang='lat' dir='ltr'>proportionales</span> <span class='ocrx_word' id='word_1_49' title='bbox 1376 1041 1502 1107; x_wconf 92' lang='grc' dir='ltr'>ΑΒ,</span> <span class='ocrx_word' id='word_1_50' title='bbox 1527 1040 1651 1103; x_wconf 89' lang='grc' dir='ltr'>ΓΔ,</span> <span class='ocrx_word' id='word_1_51' title='bbox 1677 1041 1740 1107; x_wconf 87' lang='grc' dir='ltr'>Ε,</span> <span class='ocrx_word' id='word_1_52' title='bbox 1767 1040 1827 1107; x_wconf 90' lang='grc' dir='ltr'>Ζ,</span> 
     </span>
     <span class='ocr_line' id='line_1_11' title="bbox 125 1123 1827 1193; baseline 0.002 -18"><span class='ocrx_word' id='word_1_53' title='bbox 125 1123 206 1176; x_wconf 91' lang='lat' dir='ltr'>ita</span> <span class='ocrx_word' id='word_1_54' title='bbox 252 1126 314 1175; x_wconf 92' lang='lat' dir='ltr'>ut</span> <span class='ocrx_word' id='word_1_55' title='bbox 363 1123 434 1175; x_wconf 87' lang='lat' dir='ltr'>sit</span> <span class='ocrx_word' id='word_1_56' title='bbox 480 1126 589 1176; x_wconf 91' lang='lat' dir='ltr'>AB</span> <span class='ocrx_word' id='word_1_57' title='bbox 623 1142 635 1175; x_wconf 74' lang='grc' dir='ltr'><strong><em>ε</em></strong></span> <span class='ocrx_word' id='word_1_58' title='bbox 670 1126 782 1177; x_wconf 91' lang='grc' dir='ltr'>ΓΔ</span> <span class='ocrx_word' id='word_1_59' title='bbox 815 1150 884 1168; x_wconf 88' lang='lat'>=</span> <span class='ocrx_word' id='word_1_60' title='bbox 915 1128 1008 1177; x_wconf 84' lang='lat' dir='ltr'>E:</span> <span class='ocrx_word' id='word_1_61' title='bbox 1042 1128 1101 1177; x_wconf 92' lang='grc' dir='ltr'>Ζ.</span> <span class='ocrx_word' id='word_1_62' title='bbox 1180 1124 1316 1193; x_wconf 83' lang='lat' dir='ltr'>dico,</span> <span class='ocrx_word' id='word_1_63' title='bbox 1369 1143 1485 1178; x_wconf 86' lang='lat' dir='ltr'>esse</span> <span class='ocrx_word' id='word_1_64' title='bbox 1533 1129 1642 1179; x_wconf 90' lang='lat' dir='ltr'>AB</span> <span class='ocrx_word' id='word_1_65' title='bbox 1677 1137 1749 1182; x_wconf 96' lang='lat'>&gt;&lt;</span> <span class='ocrx_word' id='word_1_66' title='bbox 1782 1129 1827 1179; x_wconf 95' lang='lat' dir='ltr'><strong>Z</strong></span> 
     </span>
     <span class='ocr_line' id='line_1_12' title="bbox 129 1215 524 1269; baseline 0 -4"><span class='ocrx_word' id='word_1_67' title='bbox 129 1237 198 1255; x_wconf 93' lang='lat'>=</span> <span class='ocrx_word' id='word_1_68' title='bbox 226 1215 340 1265; x_wconf 92' lang='grc' dir='ltr'>ΓΛ</span> <span class='ocrx_word' id='word_1_69' title='bbox 363 1224 436 1269; x_wconf 95' lang='grc'>&gt;&lt;</span> <span class='ocrx_word' id='word_1_70' title='bbox 460 1215 524 1266; x_wconf 91' lang='grc' dir='ltr'>Ε.</span> 
     </span>
    </p>
   </div>
   <div class='ocr_carea' id='block_1_5' title="bbox 1168 1374 1525 1382">
    <p class='ocr_par' dir='ltr' id='par_1_6' title="bbox 1168 1374 1525 1382">
     <span class='ocr_line' id='line_1_13' title="bbox 1168 1374 1525 1382; baseline 0 1770"><span class='ocrx_word' id='word_1_71' title='bbox 1168 1374 1525 1382; x_wconf 95' lang='lat' dir='ltr'> </span> 
     </span>
    </p>
   </div>
   <div class='ocr_carea' id='block_1_6' title="bbox 359 1383 368 1557">
    <p class='ocr_par' dir='ltr' id='par_1_7' title="bbox 359 1383 368 1557">
     <span class='ocr_line' id='line_1_14' title="bbox 359 1383 368 1557; baseline 0 1595"><span class='ocrx_word' id='word_1_72' title='bbox 359 1383 368 1557; x_wconf 95' lang='lat' dir='ltr'> </span> 
     </span>
    </p>
   </div>
   <div class='ocr_carea' id='block_1_7' title="bbox 833 1381 838 1558">
    <p class='ocr_par' dir='ltr' id='par_1_8' title="bbox 833 1381 838 1558">
     <span class='ocr_line' id='line_1_15' title="bbox 833 1381 838 1558; baseline 0 0"><span class='ocrx_word' id='word_1_73' title='bbox 833 1381 838 1558; x_wconf 95' lang='lat' dir='ltr'> </span> 
     </span>
    </p>
   </div>
   <div class='ocr_carea' id='block_1_8' title="bbox 1153 1374 1160 1627">
    <p class='ocr_par' dir='ltr' id='par_1_9' title="bbox 1153 1374 1160 1627">
     <span class='ocr_line' id='line_1_16' title="bbox 1153 1374 1160 1627; baseline 0 1525"><span class='ocrx_word' id='word_1_74' title='bbox 1153 1374 1160 1627; x_wconf 95' lang='lat' dir='ltr'> </span> 
     </span>
    </p>
   </div>
   <div class='ocr_carea' id='block_1_9' title="bbox 1523 1375 1534 1627">
    <p class='ocr_par' dir='ltr' id='par_1_10' title="bbox 1523 1375 1534 1627">
     <span class='ocr_line' id='line_1_17' title="bbox 1523 1375 1534 1627; baseline 0 1525"><span class='ocrx_word' id='word_1_75' title='bbox 1523 1375 1534 1627; x_wconf 95' lang='lat' dir='ltr'> </span> 
     </span>
    </p>
   </div>
   <div class='ocr_carea' id='block_1_10' title="bbox 1165 1620 1522 1628">
    <p class='ocr_par' dir='ltr' id='par_1_11' title="bbox 1165 1620 1522 1628">
     <span class='ocr_line' id='line_1_18' title="bbox 1165 1620 1522 1628; baseline 0 1524"><span class='ocrx_word' id='word_1_76' title='bbox 1165 1620 1522 1628; x_wconf 95' lang='lat' dir='ltr'> </span> 
     </span>
    </p>
   </div>
   <div class='ocr_carea' id='block_1_11' title="bbox 1159 1712 1363 1718">
    <p class='ocr_par' dir='ltr' id='par_1_12' title="bbox 1159 1712 1363 1718">
     <span class='ocr_line' id='line_1_19' title="bbox 1159 1712 1363 1718; baseline 0 0"><span class='ocrx_word' id='word_1_77' title='bbox 1159 1712 1363 1718; x_wconf 95' lang='lat' dir='ltr'> </span> 
     </span>
    </p>
   </div>
   <div class='ocr_carea' id='block_1_12' title="bbox 305 1346 1585 1730">
    <p class='ocr_par' dir='ltr' id='par_1_13' title="bbox 308 1346 1146 1580">
     <span class='ocr_line' id='line_1_20' title="bbox 308 1346 1146 1389; baseline 0.002 -2"><span class='ocrx_word' id='word_1_78' title='bbox 308 1347 840 1387; x_wconf 84' lang='lat' dir='ltr'><em>H————</em></span> <span class='ocrx_word' id='word_1_79' title='bbox 1105 1346 1146 1389; x_wconf 85' lang='grc' dir='ltr'>Θ</span> 
     </span>
     <span class='ocr_line' id='line_1_21' title="bbox 308 1540 893 1580; baseline 0 0"><span class='ocrx_word' id='word_1_80' title='bbox 308 1541 345 1580; x_wconf 86' lang='grc' dir='ltr'><em>Α</em></span> <span class='ocrx_word' id='word_1_81' title='bbox 857 1540 893 1580; x_wconf 93' lang='grc' dir='ltr'><strong><em>Β</em></strong></span> 
     </span>
    </p>

    <p class='ocr_par' dir='ltr' id='par_1_14' title="bbox 305 1585 1585 1730">
     <span class='ocr_line' id='line_1_22' title="bbox 1105 1585 1585 1642; baseline 0.002 -1"><span class='ocrx_word' id='word_1_82' title='bbox 1105 1585 1150 1626; x_wconf 91' lang='grc' dir='ltr'>Γ</span> <span class='ocrx_word' id='word_1_83' title='bbox 1542 1602 1585 1642; x_wconf 82' lang='grc' dir='ltr'><em>Δ</em></span> 
     </span>
     <span class='ocr_line' id='line_1_23' title="bbox 305 1643 1372 1730; baseline 0 -46"><span class='ocrx_word' id='word_1_84' title='bbox 305 1643 622 1684; x_wconf 74' lang='grc' dir='ltr'><strong>Ει--ι</strong></span> <span class='ocrx_word' id='word_1_85' title='bbox 1102 1688 1156 1729; x_wconf 57' lang='grc' dir='ltr'>Ζ,</span> <span class='ocrx_word' id='word_1_86' title='bbox 1367 1700 1372 1730; x_wconf 63' lang='grc' dir='ltr'>Ι</span> 
     </span>
    </p>
   </div>
   <div class='ocr_carea' id='block_1_13' title="bbox 237 1805 1825 1877">
    <p class='ocr_par' dir='ltr' id='par_1_15' title="bbox 237 1805 1825 1877">
     <span class='ocr_line' id='line_1_24' title="bbox 237 1805 1825 1877; baseline 0.002 -20"><span class='ocrx_word' id='word_1_87' title='bbox 237 1805 506 1859; x_wconf 85' lang='lat' dir='ltr'>ducantur</span> <span class='ocrx_word' id='word_1_88' title='bbox 555 1824 586 1858; x_wconf 91' lang='lat' dir='ltr'>a</span> <span class='ocrx_word' id='word_1_89' title='bbox 633 1806 848 1875; x_wconf 80' lang='lat' dir='ltr'>punctis</span> <span class='ocrx_word' id='word_1_90' title='bbox 889 1810 967 1875; x_wconf 85' lang='lat' dir='ltr'>A,</span> <span class='ocrx_word' id='word_1_91' title='bbox 993 1807 1047 1858; x_wconf 93' lang='grc' dir='ltr'><em>Γ</em></span> <span class='ocrx_word' id='word_1_92' title='bbox 1078 1806 1145 1859; x_wconf 92' lang='lat' dir='ltr'>ad</span> <span class='ocrx_word' id='word_1_93' title='bbox 1185 1809 1358 1860; x_wconf 84' lang='lat' dir='ltr'>rectas</span> <span class='ocrx_word' id='word_1_94' title='bbox 1399 1810 1532 1877; x_wconf 89' lang='grc' dir='ltr'>ΛΒ,</span> <span class='ocrx_word' id='word_1_95' title='bbox 1559 1809 1671 1861; x_wconf 91' lang='grc' dir='ltr'>ΓΔ</span> <span class='ocrx_word' id='word_1_96' title='bbox 1708 1826 1825 1877; x_wconf 87' lang='lat' dir='ltr'>per-</span> 
     </span>
    </p>
   </div>
   <div class='ocr_carea' id='block_1_14' title="bbox 123 1893 1823 1963">
    <p class='ocr_par' dir='ltr' id='par_1_16' title="bbox 0 1883 1823 1963">
     <span class='ocr_line' id='line_1_25' title="bbox 123 1893 1823 1963; baseline 0.003 -17.595"><span class='ocrx_word' id='word_1_97' title='bbox 123 1893 494 1963; x_wconf 80' lang='lat' dir='ltr'>pendiculares</span> <span class='ocrx_word' id='word_1_98' title='bbox 519 1899 572 1947; x_wconf 84' lang='lat' dir='ltr'><em>A</em></span> <span class='ocrx_word' id='word_1_99' title='bbox 581 1896 653 1963; x_wconf 86' lang='lat' dir='ltr'>H,</span> <span class='ocrx_word' id='word_1_100' title='bbox 677 1896 794 1963; x_wconf 83' lang='grc' dir='ltr'>ΓΘ,</span> <span class='ocrx_word' id='word_1_101' title='bbox 821 1898 876 1947; x_wconf 89' lang='lat' dir='ltr'>et</span> <span class='ocrx_word' id='word_1_102' title='bbox 900 1897 1135 1963; x_wconf 88' lang='lat' dir='ltr'>ponatur</span> <span class='ocrx_word' id='word_1_103' title='bbox 1159 1900 1213 1948; x_wconf 91' lang='lat' dir='ltr'><em>A</em></span> <span class='ocrx_word' id='word_1_104' title='bbox 1222 1898 1288 1948; x_wconf 92' lang='lat' dir='ltr'><em>H</em></span> <span class='ocrx_word' id='word_1_105' title='bbox 1306 1921 1376 1939; x_wconf 93' lang='lat'><strong><em>=</em></strong></span> <span class='ocrx_word' id='word_1_106' title='bbox 1403 1899 1447 1949; x_wconf 93' lang='lat' dir='ltr'>Z</span> <span class='ocrx_word' id='word_1_107' title='bbox 1475 1899 1528 1949; x_wconf 92' lang='lat' dir='ltr'>et</span> <span class='ocrx_word' id='word_1_108' title='bbox 1551 1899 1654 1949; x_wconf 82' lang='grc' dir='ltr'>ΓΘ</span> <span class='ocrx_word' id='word_1_109' title='bbox 1672 1922 1740 1940; x_wconf 89' lang='grc'>--</span> <span class='ocrx_word' id='word_1_110' title='bbox 1760 1901 1823 1951; x_wconf 93' lang='grc' dir='ltr'>Ε.</span> 
     </span>
    </p>
   </div>
   <div class='ocr_carea' id='block_1_15' title="bbox 125 1983 1824 2143">
    <p class='ocr_par' dir='ltr' id='par_1_17' title="bbox 125 1983 1824 2143">
     <span class='ocr_line' id='line_1_26' title="bbox 125 1983 1425 2054; baseline 0.002 -19"><span class='ocrx_word' id='word_1_111' title='bbox 125 1987 180 2035; x_wconf 88' lang='lat' dir='ltr'>et</span> <span class='ocrx_word' id='word_1_112' title='bbox 222 1983 539 2051; x_wconf 84' lang='lat' dir='ltr'>expleantur</span> <span class='ocrx_word' id='word_1_113' title='bbox 578 1983 1096 2054; x_wconf 86' lang='lat' dir='ltr'>parallelogramma</span> <span class='ocrx_word' id='word_1_114' title='bbox 1135 1988 1274 2053; x_wconf 90' lang='grc' dir='ltr'>ΒΗ,</span> <span class='ocrx_word' id='word_1_115' title='bbox 1301 1990 1356 2037; x_wconf 82' lang='lat' dir='ltr'><em>A</em></span> <span class='ocrx_word' id='word_1_116' title='bbox 1366 1989 1425 2038; x_wconf 83' lang='grc' dir='ltr'>Θ.</span> 
     </span>
     <span class='ocr_line' id='line_1_27' title="bbox 235 2072 1824 2143; baseline 0.002 -19"><span class='ocrx_word' id='word_1_117' title='bbox 235 2074 289 2124; x_wconf 90' lang='lat' dir='ltr'>et</span> <span class='ocrx_word' id='word_1_118' title='bbox 336 2072 594 2140; x_wconf 89' lang='lat' dir='ltr'>quoniam</span> <span class='ocrx_word' id='word_1_119' title='bbox 642 2075 726 2125; x_wconf 84' lang='lat' dir='ltr'>est</span> <span class='ocrx_word' id='word_1_120' title='bbox 773 2075 882 2124; x_wconf 91' lang='lat' dir='ltr'>AB</span> <span class='ocrx_word' id='word_1_121' title='bbox 916 2091 928 2124; x_wconf 75' lang='grc' dir='ltr'>ε</span> <span class='ocrx_word' id='word_1_122' title='bbox 965 2074 1077 2125; x_wconf 90' lang='grc' dir='ltr'>ΓΔ</span> <span class='ocrx_word' id='word_1_123' title='bbox 1111 2098 1179 2115; x_wconf 95' lang='lat'>=</span> <span class='ocrx_word' id='word_1_124' title='bbox 1214 2078 1305 2126; x_wconf 90' lang='lat' dir='ltr'>E:</span> <span class='ocrx_word' id='word_1_125' title='bbox 1334 2077 1402 2142; x_wconf 93' lang='grc' dir='ltr'>Ζ,</span> <span class='ocrx_word' id='word_1_126' title='bbox 1443 2077 1497 2126; x_wconf 91' lang='lat' dir='ltr'>et</span> <span class='ocrx_word' id='word_1_127' title='bbox 1536 2077 1680 2126; x_wconf 59' lang='grc' dir='ltr'>Ε2</span> <span class='ocrx_word' id='word_1_128' title='bbox 1707 2077 1824 2143; x_wconf 83' lang='grc' dir='ltr'>ΓΘ,</span> 
     </span>
    </p>
   </div>
   <div class='ocr_carea' id='block_1_16' title="bbox 0 2106 1827 2232">
    <p class='ocr_par' dir='ltr' id='par_1_18' title="bbox 0 2106 1827 2232">
     <span class='ocr_line' id='line_1_28' title="bbox 0 2106 1827 2232; baseline 0.004 -24"><span class='ocrx_word' id='word_1_129' title='bbox 0 2106 14 2192; x_wconf 45' lang='lat' dir='ltr'>t</span> <span class='ocrx_word' id='word_1_130' title='bbox 124 2163 170 2214; x_wconf 94' lang='lat' dir='ltr'>Z</span> <span class='ocrx_word' id='word_1_131' title='bbox 208 2185 277 2203; x_wconf 94' lang='lat'><strong><em>=</em></strong></span> <span class='ocrx_word' id='word_1_132' title='bbox 316 2163 459 2230; x_wconf 88' lang='grc' dir='ltr'>ΑΗ,</span> <span class='ocrx_word' id='word_1_133' title='bbox 513 2161 621 2213; x_wconf 90' lang='lat' dir='ltr'>erit</span> <span class='ocrx_word' id='word_1_134' title='bbox 673 2164 779 2213; x_wconf 91' lang='lat' dir='ltr'>AB</span> <span class='ocrx_word' id='word_1_135' title='bbox 819 2180 830 2212; x_wconf 74' lang='grc' dir='ltr'><strong><em>ε</em></strong></span> <span class='ocrx_word' id='word_1_136' title='bbox 867 2162 980 2212; x_wconf 90' lang='grc' dir='ltr'>ΓΔ</span> <span class='ocrx_word' id='word_1_137' title='bbox 1018 2186 1086 2203; x_wconf 92' lang='lat'>=</span> <span class='ocrx_word' id='word_1_138' title='bbox 1124 2163 1228 2214; x_wconf 79' lang='grc' dir='ltr'>ΓΘ</span> <span class='ocrx_word' id='word_1_139' title='bbox 1263 2181 1274 2214; x_wconf 92' lang='lat'>:</span> <span class='ocrx_word' id='word_1_140' title='bbox 1310 2165 1446 2215; x_wconf 87' lang='lat' dir='ltr'>AH.</span> <span class='ocrx_word' id='word_1_141' title='bbox 1530 2162 1715 2232; x_wconf 89' lang='lat' dir='ltr'>itaque</span> <span class='ocrx_word' id='word_1_142' title='bbox 1769 2163 1827 2216; x_wconf 91' lang='lat' dir='ltr'>in</span> 
     </span>
    </p>
   </div>
   <div class='ocr_carea' id='block_1_17' title="bbox 123 2249 1828 2588">
    <p class='ocr_par' dir='ltr' id='par_1_19' title="bbox 123 2249 1828 2588">
     <span class='ocr_line' id='line_1_29' title="bbox 123 2249 1825 2322; baseline 0.002 -20"><span class='ocrx_word' id='word_1_143' title='bbox 123 2249 653 2319; x_wconf 86' lang='lat' dir='ltr'>parallelogrammis</span> <span class='ocrx_word' id='word_1_144' title='bbox 709 2253 847 2319; x_wconf 86' lang='lat' dir='ltr'>BH,</span> <span class='ocrx_word' id='word_1_145' title='bbox 882 2252 995 2302; x_wconf 82' lang='grc' dir='ltr'>ΔΘ</span> <span class='ocrx_word' id='word_1_146' title='bbox 1050 2250 1223 2303; x_wconf 88' lang='lat' dir='ltr'>latera</span> <span class='ocrx_word' id='word_1_147' title='bbox 1279 2251 1531 2320; x_wconf 85' lang='lat' dir='ltr'>aequales</span> <span class='ocrx_word' id='word_1_148' title='bbox 1595 2251 1825 2322; x_wconf 87' lang='lat' dir='ltr'>angulos</span> 
     </span>
     <span class='ocr_line' id='line_1_30' title="bbox 124 2338 1828 2409; baseline 0.001 -17"><span class='ocrx_word' id='word_1_149' title='bbox 124 2338 643 2408; x_wconf 81' lang='lat' dir='ltr'>comprehendentia</span> <span class='ocrx_word' id='word_1_150' title='bbox 675 2339 734 2391; x_wconf 91' lang='lat' dir='ltr'>in</span> <span class='ocrx_word' id='word_1_151' title='bbox 758 2338 1031 2392; x_wconf 83' lang='lat' dir='ltr'>contraria</span> <span class='ocrx_word' id='word_1_152' title='bbox 1062 2340 1415 2409; x_wconf 90' lang='lat' dir='ltr'>proportione</span> <span class='ocrx_word' id='word_1_153' title='bbox 1449 2342 1591 2393; x_wconf 88' lang='lat' dir='ltr'>sunt.</span> <span class='ocrx_word' id='word_1_154' title='bbox 1652 2341 1828 2409; x_wconf 87' lang='lat' dir='ltr'>paral-</span> 
     </span>
     <span class='ocr_line' id='line_1_31' title="bbox 124 2425 1823 2499; baseline 0.002 -20"><span class='ocrx_word' id='word_1_155' title='bbox 124 2425 478 2496; x_wconf 85' lang='lat' dir='ltr'>lelogramma</span> <span class='ocrx_word' id='word_1_156' title='bbox 504 2430 685 2480; x_wconf 90' lang='lat' dir='ltr'>autem</span> <span class='ocrx_word' id='word_1_157' title='bbox 710 2428 1090 2497; x_wconf 85' lang='lat' dir='ltr'>aequiangula‚</span> <span class='ocrx_word' id='word_1_158' title='bbox 1116 2446 1347 2498; x_wconf 89' lang='lat' dir='ltr'>quorum</span> <span class='ocrx_word' id='word_1_159' title='bbox 1372 2429 1549 2483; x_wconf 85' lang='lat' dir='ltr'>latera</span> <span class='ocrx_word' id='word_1_160' title='bbox 1574 2429 1823 2499; x_wconf 87' lang='lat' dir='ltr'>aequales</span> 
     </span>
     <span class='ocr_line' id='line_1_32' title="bbox 125 2515 1826 2588; baseline 0.002 -20"><span class='ocrx_word' id='word_1_161' title='bbox 125 2517 354 2586; x_wconf 84' lang='lat' dir='ltr'>angulos</span> <span class='ocrx_word' id='word_1_162' title='bbox 417 2515 929 2585; x_wconf 84' lang='lat' dir='ltr'>comprehendentia</span> <span class='ocrx_word' id='word_1_163' title='bbox 1004 2516 1062 2568; x_wconf 90' lang='lat' dir='ltr'>in</span> <span class='ocrx_word' id='word_1_164' title='bbox 1127 2518 1401 2571; x_wconf 87' lang='lat' dir='ltr'>contraria</span> <span class='ocrx_word' id='word_1_165' title='bbox 1473 2518 1826 2588; x_wconf 88' lang='lat' dir='ltr'>proportione</span> 
     </span>
    </p>
   </div>
   <div class='ocr_carea' id='block_1_18' title="bbox 123 2651 389 2657">
    <p class='ocr_par' dir='ltr' id='par_1_20' title="bbox 123 2651 389 2657">
     <span class='ocr_line' id='line_1_33' title="bbox 123 2651 389 2657; baseline 0 0"><span class='ocrx_word' id='word_1_166' title='bbox 123 2651 389 2657; x_wconf 95' lang='lat' dir='ltr'> </span> 
     </span>
    </p>
   </div>
   <div class='ocr_carea' id='block_1_19' title="bbox 122 2716 1832 2958">
    <p class='ocr_par' dir='ltr' id='par_1_21' title="bbox 122 2716 1828 2955">
     <span class='ocr_line' id='line_1_34' title="bbox 130 2716 1821 2781; baseline 0.002 -17"><span class='ocrx_word' id='word_1_167' title='bbox 130 2725 196 2765; x_wconf 86' lang='lat'><strong>16.</strong></span> <span class='ocrx_word' id='word_1_168' title='bbox 221 2716 333 2778; x_wconf 75' lang='grc' dir='ltr'>γάρ]</span> <span class='ocrx_word' id='word_1_169' title='bbox 360 2734 451 2765; x_wconf 88' lang='lat' dir='ltr'>om.</span> <span class='ocrx_word' id='word_1_170' title='bbox 475 2720 526 2765; x_wconf 90' lang='lat' dir='ltr'>P.</span> <span class='ocrx_word' id='word_1_171' title='bbox 651 2726 720 2766; x_wconf 89' lang='grc'>18.</span> <span class='ocrx_word' id='word_1_172' title='bbox 747 2717 1258 2779; x_wconf 77' lang='grc' dir='ltr'><strong><em>συμπεπληρώσθωσαν</em></strong></span> <span class='ocrx_word' id='word_1_173' title='bbox 1291 2722 1478 2780; x_wconf 88' lang='lat' dir='ltr'><strong>BFVp.</strong></span> <span class='ocrx_word' id='word_1_174' title='bbox 1604 2728 1676 2769; x_wconf 94' lang='grc'>22.</span> <span class='ocrx_word' id='word_1_175' title='bbox 1702 2724 1821 2781; x_wconf 91' lang='grc' dir='ltr'>ΑΗ]</span> 
     </span>
     <span class='ocr_line' id='line_1_35' title="bbox 126 2779 1825 2855; baseline 0.002 -32"><span class='ocrx_word' id='word_1_176' title='bbox 126 2792 240 2823; x_wconf 82' lang='lat' dir='ltr'>corr.</span> <span class='ocrx_word' id='word_1_177' title='bbox 289 2793 345 2824; x_wconf 85' lang='lat' dir='ltr'>ex</span> <span class='ocrx_word' id='word_1_178' title='bbox 391 2784 480 2823; x_wconf 83' lang='lat' dir='ltr'>AA</span> <span class='ocrx_word' id='word_1_179' title='bbox 519 2795 580 2824; x_wconf 90' lang='lat' dir='ltr'>m.</span> <span class='ocrx_word' id='word_1_180' title='bbox 620 2794 711 2826; x_wconf 85' lang='lat' dir='ltr'>rec.</span> <span class='ocrx_word' id='word_1_181' title='bbox 753 2779 806 2824; x_wconf 91' lang='lat' dir='ltr'>P.</span> <span class='ocrx_word' id='word_1_182' title='bbox 960 2785 1030 2825; x_wconf 90' lang='grc'><strong>23.</strong></span> <span class='ocrx_word' id='word_1_183' title='bbox 1072 2781 1207 2855; x_wconf 38' lang='lat' dir='ltr'><em>AH]„</em></span> <span class='ocrx_word' id='word_1_184' title='bbox 1235 2786 1344 2839; x_wconf 83' lang='lat' dir='ltr'>post</span> <span class='ocrx_word' id='word_1_185' title='bbox 1382 2797 1471 2826; x_wconf 85' lang='lat' dir='ltr'>ras.</span> <span class='ocrx_word' id='word_1_186' title='bbox 1517 2788 1540 2827; x_wconf 91' lang='lat'>1</span> <span class='ocrx_word' id='word_1_187' title='bbox 1573 2783 1688 2839; x_wconf 62' lang='lat' dir='ltr'>litt„</span> <span class='ocrx_word' id='word_1_188' title='bbox 1724 2786 1768 2826; x_wconf 90' lang='lat' dir='ltr'><em>H</em></span> <span class='ocrx_word' id='word_1_189' title='bbox 1801 2796 1825 2826; x_wconf 90' lang='lat' dir='ltr'>e</span> 
     </span>
     <span class='ocr_line' id='line_1_36' title="bbox 124 2838 1832 2899; baseline 0.001 -16"><span class='ocrx_word' id='word_1_190' title='bbox 124 2851 242 2883; x_wconf 78' lang='lat' dir='ltr'>corr.</span> <span class='ocrx_word' id='word_1_191' title='bbox 276 2838 339 2893; x_wconf 89' lang='lat' dir='ltr'>V,</span> <span class='ocrx_word' id='word_1_192' title='bbox 382 2853 495 2884; x_wconf 84' lang='lat' dir='ltr'>corr.</span> <span class='ocrx_word' id='word_1_193' title='bbox 541 2853 597 2884; x_wconf 82' lang='lat' dir='ltr'>ex</span> <span class='ocrx_word' id='word_1_194' title='bbox 639 2841 728 2884; x_wconf 84' lang='grc' dir='ltr'>ΑΘ</span> <span class='ocrx_word' id='word_1_195' title='bbox 766 2855 827 2884; x_wconf 92' lang='lat' dir='ltr'>m.</span> <span class='ocrx_word' id='word_1_196' title='bbox 869 2853 959 2885; x_wconf 83' lang='lat' dir='ltr'>rec.</span> <span class='ocrx_word' id='word_1_197' title='bbox 1001 2840 1052 2885; x_wconf 93' lang='lat' dir='ltr'><strong>P.</strong></span> <span class='ocrx_word' id='word_1_198' title='bbox 1176 2841 1291 2899; x_wconf 86' lang='grc' dir='ltr'>αρα]</span> <span class='ocrx_word' id='word_1_199' title='bbox 1333 2857 1395 2887; x_wconf 92' lang='lat' dir='ltr'>m.</span> <span class='ocrx_word' id='word_1_200' title='bbox 1430 2847 1455 2886; x_wconf 88' lang='grc'><strong>2</strong></span> <span class='ocrx_word' id='word_1_201' title='bbox 1493 2841 1546 2887; x_wconf 92' lang='lat' dir='ltr'>V.</span> <span class='ocrx_word' id='word_1_202' title='bbox 1670 2847 1740 2887; x_wconf 86' lang='grc'><strong>24.</strong></span> <span class='ocrx_word' id='word_1_203' title='bbox 1776 2839 1832 2885; x_wconf 77' lang='grc' dir='ltr'>αῖ</span> 
     </span>
     <span class='ocr_line' id='line_1_37' title="bbox 122 2892 483 2958; baseline 0.003 -17"><span class='ocrx_word' id='word_1_204' title='bbox 122 2892 258 2958; x_wconf 65' lang='lat' dir='ltr'>incl]</span> <span class='ocrx_word' id='word_1_205' title='bbox 294 2898 409 2955; x_wconf 78' lang='grc' dir='ltr'><strong><em>περί</em></strong></span> <span class='ocrx_word' id='word_1_206' title='bbox 435 2897 483 2942; x_wconf 90' lang='grc' dir='ltr'>Ρ.</span> 
     </span>
    </p>
   </div>
  </div>
 </body>
</html>
