1988 3152
67 978 123 1018 10

66 1420 120 1462 15

67 1863 125 1903 20

68 2312 126 2354 25

155 54 265 108 344
780 57 1116 99 zTOIXEmN
1145 54 1219 102 θ’.

153 172 240 228 ὅτι
282 169 311 228 6
338 178 391 228 Γ
421 171 522 228 τὸν
549 179 604 226 A
642 173 1132 238 πολλαπλασιάσας
1170 172 1269 230 τὸν
1294 182 1347 229 A
1384 180 1700 247 πεποίηκεν.
1752 178 1846 232 καὶ

156 261 272 316 ἐπεὶ
306 258 335 317 6
377 265 429 315 Γ
462 259 663 316 ἑαυτὸν
702 263 1194 328 πολλαπλασιάσας
1224 261 1325 318 τὸν
1358 271 1412 318 A
1449 269 1768 336 πεποίηκεν,
1810 262 1840 320 6

152 355 207 405 Γ
253 349 367 421 ἄρα
417 347 518 404 τὸν
570 355 626 403 A
680 361 868 422 μετρεῖ
916 349 1055 405 κατὰ
1111 349 1207 416 τὰς
1263 353 1323 407 ἐν
1378 349 1528 428 αὑτῷ
1586 354 1848 424 μονάδας.

152 437 293 494 ἀλλὰ
348 436 462 509 μὴν
513 436 606 492 καὶ
661 434 695 508 ἡ
750 439 927 508 μονὰς
979 436 1079 493 τὸν
1127 443 1180 494 Γ
1227 451 1414 513 μετρεῖ
1455 439 1595 496 κατὰ
1642 440 1739 506 τὰς
1786 444 1847 497 ἐν

155 525 304 602 αὐτῷ
346 527 614 597 μονάδας·
673 530 823 581 ἔστιν
863 525 972 599 ἄρα
1013 524 1090 592 ὥς
1128 526 1162 598 ἡ
1203 527 1377 599 μονὰς
1414 528 1555 600 πρὸς
1586 527 1686 585 τὸν
1710 535 1774 599 Γ,
1817 527 1846 584 6

152 620 206 670 Γ
243 612 382 687 πρὸς
426 612 528 669 τὸν
568 621 635 670 Δ.
714 616 910 686 πάλιν,
960 616 1077 671 ἐπεὶ
1126 613 1155 671 6
1204 621 1258 672 Γ
1296 615 1394 671 τὸν
1437 624 1491 671 A
1537 624 1848 673 πολλαπλα-

153 703 351 768 σιάσας
387 700 487 757 τὸν
520 710 573 757 Α
611 708 928 774 πεποίηκεν,
969 702 998 758 6
1025 711 1081 758 A
1120 696 1228 774 ἄρα
1267 703 1367 760 τὸν
1392 712 1445 760 A
1482 716 1675 777 μετρεῖ
1709 704 1846 760 κατὰ

151 790 250 856 τὰς
291 793 351 846 ἐν
389 793 465 866 τῷ
506 795 560 846 Γ
590 791 855 862 μονάδας.
918 803 1106 863 μετρεῖ
1144 791 1206 847 δὲ
1244 793 1335 847 καὶ
1375 790 1408 864 ἡ
1450 796 1626 864 μονὰς
1665 792 1765 848 τὸν
1802 798 1856 848 Γ

152 877 291 934 κατὰ
336 876 435 944 τὰς
482 881 542 934 ἐν
590 877 740 955 αὐτῷ
788 881 1056 952 μονάδας·
1122 884 1272 936 ἔστιν
1320 880 1429 954 ἄρα
1476 879 1552 947 ὥς
1598 877 1633 952 ἡ
1675 879 1851 952 μονὰς

155 965 293 1040 πρὸς
314 966 416 1022 τὸν
442 972 505 1037 Γ,
533 965 562 1023 6
590 975 645 1022 A
668 965 806 1039 πρὸς
829 968 931 1024 τὸν
949 976 1017 1024 Α.
1076 965 1198 1024 ἀλλ’
1229 966 1303 1035 ὥς
1326 967 1359 1040 ἡ
1386 969 1562 1041 μονὰς
1586 972 1728 1040 πρὸς
1751 967 1852 1025 τὸν

153 1062 224 1126 Γ,
274 1053 303 1111 6
343 1061 396 1110 Γ
428 1054 568 1126 πρὸς
606 1055 708 1111 τὸν
750 1064 826 1111 A·
888 1057 979 1111 καὶ
1021 1053 1095 1122 ὥς
1136 1056 1245 1129 ἄρα
1284 1055 1317 1128 ἡ
1357 1056 1530 1128 μονὰς
1573 1057 1712 1131 πρὸς
1750 1057 1849 1114 τὸν

152 1150 215 1214 Γ,
258 1142 434 1208 οὕτως
467 1141 496 1199 6
530 1150 584 1200 Γ
615 1143 754 1215 πρὸς
792 1144 892 1201 τὸν
925 1153 980 1200 A
1017 1145 1110 1200 καὶ
1152 1143 1181 1201 6
1218 1152 1272 1200 A
1309 1145 1447 1219 πρὸς
1485 1145 1585 1202 τὸν
1612 1153 1676 1202 Α.
1747 1148 1847 1217 τῆς

152 1231 262 1302 ἄρα
302 1233 548 1304 μονάδος
586 1234 678 1288 καὶ
716 1237 818 1289 τοῦ
843 1242 897 1289 Α
936 1232 1187 1306 ἀριθμοῦ
1228 1234 1332 1290 δύο
1374 1237 1530 1307 μέσοι
1567 1233 1852 1305 ἀνάλογον

153 1320 290 1376 κατὰ
329 1320 392 1377 τὸ
437 1322 662 1394 συνεχὲς
703 1322 1122 1393 ἐμπεπτώκασιν
1162 1322 1395 1395 ἀριθμοὶ
1438 1326 1497 1378 οἱ
1525 1329 1589 1394 Γ,
1623 1330 1693 1378 A.
1753 1324 1852 1377 πά-

153 1416 271 1480 λιν,
312 1411 427 1466 ἐπεὶ
469 1409 498 1465 6
541 1418 595 1465 A
634 1409 835 1467 ἑαυτὸν
874 1411 1360 1477 πολλαπλασιάσας
1398 1411 1498 1467 τὸν
1539 1418 1586 1466 Β
1627 1416 1852 1482 πεποίη-

153 1520 268 1569 κεν,
310 1496 340 1554 6
381 1506 435 1554 A
473 1498 586 1572 ἄρα
623 1499 723 1555 τὸν
763 1506 810 1555 Β
850 1511 1039 1571 μετρεῖ
1074 1499 1211 1555 κατὰ
1251 1500 1349 1566 τὰς
1389 1502 1449 1556 ἐν
1491 1497 1641 1575 αὑτῷ
1682 1499 1853 1571 μονά-

155 1590 269 1652 δας.
325 1599 512 1660 μετρεῖ
549 1587 610 1643 δὲ
648 1588 742 1643 καὶ
781 1586 814 1659 ἡ
858 1586 1036 1659 μονὰς
1076 1587 1177 1644 τὸν
1209 1596 1261 1643 A
1298 1587 1435 1645 κατὰ
1476 1586 1575 1653 τὰς
1608 1590 1668 1643 ἐν
1701 1587 1852 1663 αὐτῷ

154 1674 426 1746 μονάδας·
483 1680 634 1732 ἔστιν
685 1675 794 1749 ἄρα
841 1674 916 1743 ὡς
961 1674 995 1747 ἡ
1044 1676 1223 1748 μονὰς
1268 1675 1407 1750 πρὸς
1451 1675 1551 1732 τὸν
1600 1684 1677 1747 Α,
1731 1674 1760 1732 6
1803 1684 1855 1731 A

159 1763 298 1836 πρὸς
342 1763 444 1820 τὸν
482 1771 545 1820 Β.
624 1769 723 1836 τῆς
771 1765 834 1820 δὲ
884 1764 1131 1836 μονάδος
1174 1766 1267 1820 καὶ
1312 1769 1416 1821 τοῦ
1446 1773 1499 1820 A
1551 1766 1653 1820 δύο
1695 1766 1854 1836 μέσοι

159 1849 444 1922 ἀνάλογον
485 1853 908 1924 ἐμπεπτώκασιν
947 1851 1206 1926 ἀριθμοί·
1255 1854 1346 1909 καὶ
1385 1857 1499 1909 τῶν
1541 1860 1619 1923 Α,
1661 1859 1707 1907 Β
1748 1852 1855 1921 ἄρα

156 1939 262 1995 δύο
302 1942 461 2012 με’σοι
494 1939 777 2012 ἀνάλογον
811 1943 1180 2013 ἐμπεσοῦνται
1214 1941 1460 2014 ἀριθμοί.
1519 1939 1619 1997 ἐὰν
1654 1940 1714 1996 δὲ
1749 1941 1854 1996 δύο

155 2027 421 2100 ἀριθμῶν
463 2029 568 2085 δύο
610 2031 770 2101 μέσοι
810 2028 1090 2101 ἀνάλογον
1131 2033 1491 2102 ἐμπίπτωσιν,
1536 2029 1565 2085 6
1607 2029 1668 2085 δὲ
1707 2033 1855 2101 πρῶ-

154 2140 248 2183 τος
293 2119 466 2189 κύβος
503 2111 568 2191 ᾗ,
619 2119 710 2174 καὶ
753 2116 782 2174 6
825 2120 1085 2191 δεύτερος
1123 2121 1296 2190 κύβος
1334 2123 1499 2174 ἔσται.
1572 2123 1669 2173 καί
1705 2119 1861 2173 ἐστιν

157 2204 186 2261 6
235 2214 288 2261 A
342 2207 534 2276 κύβος·
613 2207 706 2262 καὶ
763 2204 792 2262 6
848 2213 887 2262 B
938 2206 1046 2278 ἄρα
1096 2206 1268 2278 κύβος
1321 2207 1494 2262 ἐστίν·
1551 2204 1686 2280 ὅπερ
1742 2210 1854 2262 ἔδει

161 2296 350 2360 δεῖξαι.

969 2400 1039 2453 δ’.

267 2497 410 2555 Ἐὰν
468 2501 668 2570 κύβος
730 2497 1022 2571 ἀριθμὸς
1082 2501 1290 2569 κύβον
1354 2496 1645 2571 ἀριθμὸν
1706 2505 1855 2554 πολ-

152 2665 175 2685 ’
278 2669 318 2708 1.
351 2663 580 2719 πεποίηκε
614 2663 716 2718 ch.
841 2668 881 2707 2.
915 2663 1143 2718 πεποίηκε
1177 2662 1279 2718 Vq).
1403 2658 1427 2704 6
1463 2662 1529 2720 Γ]
1576 2663 1742 2718 postea
1781 2662 1851 2706 in-

158 2724 265 2767 sert.
299 2723 349 2766 B.
443 2726 484 2765 5.
517 2718 622 2779 τόν]
656 2735 746 2767 om.
780 2721 831 2766 B.
895 2717 1044 2772 οὕτως
1077 2718 1101 2764 ὁ
1133 2720 1185 2767 Β.
1279 2726 1319 2765 6.
1350 2716 1448 2777 τόν]
1483 2720 1648 2778 (prius)
1682 2735 1769 2766 om.
1799 2720 1852 2765 B.

160 2787 198 2827 7.
234 2781 302 2839 A]
336 2795 430 2837 seq.
462 2794 551 2824 ras.
588 2785 610 2823 1
644 2781 738 2824 litt.
771 2797 822 2835 φ.
918 2786 986 2825 13.
1020 2780 1102 2824 καὶ
1132 2779 1245 2851 τοῦ]
1275 2779 1348 2824 bis
1374 2796 1423 2836 φ,
1457 2779 1540 2823 sed
1573 2793 1688 2824 corr.
1782 2785 1852 2824 18.

160 2836 308 2892 οὕτως
342 2835 367 2883 6
398 2840 449 2883 B.
546 2844 613 2884 19.
640 2835 867 2897 τόν]ὀω.
901 2839 953 2883 Β.
1047 2844 1116 2883 20.
1150 2834 1397 2895 ἄναλωγον
1430 2855 1479 2894 φ.
1545 2834 1744 2896 ἀριθμοὶ
1778 2835 1855 2895 ἐμ-
