1988 3152
881 528 983 589 VI.

705 673 1168 728 Definitiones.

198 779 240 834 I.
290 779 523 848 Figurae
562 778 872 832 rectilineae
913 776 1115 829 similes
1157 777 1304 844 sunt,
1344 790 1691 844 quaecunque
1731 775 1787 825 et

89 869 317 939 angulos
369 867 614 937 singulos
663 867 915 936 aequales
961 865 1167 917 habent
1213 866 1267 916 et
1311 863 1484 916 latera
1531 861 1783 932 aequales

89 958 317 1028 ang-ulos
358 956 871 1026 comprehendentia
907 953 1353 1024 proportionalia.

203 1046 294 1115 [II.
333 1045 662 1115 Reciprocae
703 1047 886 1098 autem
925 1044 1132 1113 figurae
1165 1045 1306 1112 sunt,
1343 1041 1438 1094 ubi
1471 1041 1528 1093 in
1557 1043 1787 1109 utraque

28 1216 31 1217 γ
93 1136 270 1205 figura
309 1139 364 1188 et
401 1134 781 1203 praecedentes
822 1137 877 1186 et
917 1134 1202 1202 sequentes
1240 1124 1479 1184 rationes
1521 1126 1734 1199 sunt].¹)

201 1223 301 1278 ΠΙ.
341 1222 645 1277 Secundum
678 1223 973 1275 extremam
1005 1239 1068 1274 ac
1092 1219 1326 1273 mediam
1350 1217 1617 1271 rationem
1641 1220 1789 1270 recta

91 1313 240 1366 linea
280 1314 449 1366 secari
490 1311 700 1381 dicitur,
738 1311 835 1364 ubi
869 1313 990 1364 tota
1030 1310 1097 1363 ad
1127 1311 1337 1379 partem
1369 1307 1632 1361 maiorem
1664 1325 1792 1360 ean-

95 1401 219 1455 dem
258 1401 527 1455 rationem
566 1401 734 1454 habet
774 1418 835 1454 ac
874 1400 1048 1453 maior
1085 1417 1214 1469 pars
1255 1397 1322 1451 ad
1362 1397 1642 1450 minorem.

8 1486 33 1511 ιε

8 1562 41 1671 {f
90 1580 268 1633 basim
306 1579 766 1650 perpendicularis
807 1575 1028 1649 ducta.2)

210 1490 305 1543 IV.
346 1488 598 1544 Cuiusuis
629 1490 836 1560 figurae
869 1488 1098 1543 altitudo
1133 1491 1215 1542 est
1246 1490 1395 1541 recta
1426 1505 1458 1539 a
1489 1485 1692 1539 uertice
1726 1484 1793 1537 ad

918 1726 961 1780 Ι.

206 1817 494 1888 Trianguli
526 1820 581 1870 et
609 1817 1127 1887 parallelogramma
1162 1815 1260 1867 sub
1295 1813 1481 1867 eadem
1507 1811 1792 1866 altitudine

30 1915 60 1955 ‘·
92 1907 275 1978 posita
315 1906 542 1959 eandem
579 1907 725 1959 inter
763 1923 820 1959 se
858 1904 1127 1958 rationem
1164 1904 1370 1956 habent
1409 1920 1470 1956 ac
1509 1902 1682 1955 bases.

218 2042 261 2095 1)
292 2038 422 2083 Haec
464 2036 675 2082 definitio
715 2050 945 2093 nusquam
983 2035 1042 2080 ab
1085 2016 1282 2080 Euclide
1321 2035 1593 2102 usurpatur3
1641 2045 1793 2087 neque

32 2084 42 2158 'J
98 2097 223 2143 enim
262 2097 324 2142 ad
362 2096 694 2164 illustrandam
731 2095 1015 2141 locutionem
1052 2092 1196 2151 λόγον
1236 2088 1627 2138 ἀντιπεπονθότα
1669 2089 1793 2161 ἔχειν

38 2174 47 2195 ·›
98 2159 181 2202 aut
212 2171 331 2214 opus
364 2159 460 2211 est,
499 2157 602 2212 aut,
642 2155 682 2200 si
722 2169 838 2212 opus
873 2157 1019 2211 esset,
1069 2154 1315 2199 sufficeret.
1377 2155 1625 2209 praeterea
1663 2154 1794 2207 λογοι

94 2216 176 2261 1111.
211 2221 236 2261 7
269 2217 516 2261 obscurum
549 2216 633 2260 est.
695 2214 856 2270 itaque
887 2216 1025 2272 puto,
1060 2214 1328 2258 Simsonum
1358 2228 1403 2270 p
1438 2216 1524 2257 370
1555 2211 1656 2255 iure
1690 2223 1794 2254 eam

98 2276 357 2321 damnasse.
420 2275 621 2320 fortasse
652 2287 709 2319 ex
739 2274 926 2319 Herone
959 2275 1148 2330 sumpta
1171 2274 1257 2329 est,
1289 2272 1472 2330 apudq
1471 2285 1580 2315 uem
1603 2269 1790 2328 legitur.

219 2336 264 2392 2)
298 2334 400 2380 Def
441 2339 470 2378 4
510 2348 600 2380 om.
642 2334 919 2391 Campanus.
981 2333 1085 2378 Def
1127 2338 1153 2378 5
1194 2332 1293 2378 sine
1333 2330 1477 2376 dubio
1508 2330 1795 2387 interpolata

103 2397 194 2449 θείη
226 2408 337 2439 nam
358 2406 591 2451 nusquam
614 2395 867 2450 usurpatur
890 2407 978 2438 nec
1001 2393 1126 2450 apud
1151 2391 1442 2449 Campanum
1467 2390 1620 2435 exstat
1641 2401 1792 2445 neque

98 2452 148 2498 in
193 2454 283 2511 ipsi
285 2469 307 2497 8
354 2453 486 2499 codd.
534 2453 691 2498 locum
735 2453 935 2498 eundem
975 2451 1171 2497 obtinet
1244 2451 1327 2496 sed
1367 2464 1472 2495 cum
1510 2449 1547 2493 P
1586 2463 1614 2493 a
1652 2463 1795 2493 manu

97 2512 218 2616 parim
222 2526 252 2557 a
296 2513 460 2559 addito
508 2512 611 2571 sign
614 2526 663 2568 0,
711 2526 803 2569 quo
850 2511 901 2556 in
946 2513 1128 2557 textum
1169 2511 1420 2566 referatur,
1470 2522 1574 2554 eam
1613 2508 1662 2552 in
1699 2522 1793 2565 mg.

162 2571 295 2629 beat,
342 2528 611 2617 fortasselgn
587 2573 698 2617 ante
745 2570 988 2616 Theonem
1033 2570 1320 2628 interpolata
1366 2570 1451 2615 est.
1506 2584 1550 2614 u.
1608 2568 1793 2612 Simson

100 2645 148 2688 p.
178 2636 263 2676 372
297 2645 365 2687 sq.

102 2762 192 2808 def.
226 2769 252 2809 5
285 2763 334 2807 in
366 2763 457 2822 Bp.
582 2769 622 2810 9.
648 2760 700 2823 ἡ]
728 2779 818 2809 0111.
843 2763 982 2822 PBp.
1105 2759 1187 2822 τό]
1213 2777 1300 2809 om.
1326 2763 1375 2808 F.
1500 2766 1569 2807 10.
1598 2759 1793 2806 ἔλασσον

100 2821 245 2939 fugi-a
266 2828 335 2926 113
339 2849 396 2927 -Ξ
416 2828 484 2928 lpb.
517 2838 612 2887 mg.
645 2838 706 2868 m.
737 2829 759 2868 1
786 2822 843 2877 P,
877 2836 965 2869 om.
990 2823 1081 2868 hoc
1105 2822 1209 2867 loco
1236 2823 1327 2879 Bp.
1469 2826 1537 2866 17.
1563 2817 1650 2880 τά]
1678 2822 1796 2878 (alt.)
