1988 3152
565 108 1026 151 ELEMENTORUM
1054 108 1238 150 LmER
1271 108 1346 150 VI.
1616 149 1620 154 .
1696 106 1800 158 141

854 222 1046 327 XXIJ1)

220 359 367 423 Quae
406 359 577 413 eidem
608 360 816 430 figurae
848 359 1160 415 rectilineae
1194 360 1398 415 similes
1426 360 1554 415 sunt
1583 359 1807 429 figurae,

26 495 29 498 .
112 449 278 503 etiam
318 449 461 502 inter
500 466 556 502 se
597 447 801 502 similes
843 451 983 501 sunt.

24 567 26 569 ’
371 578 375 581 -
716 535 799 590 Sit
846 537 989 588 enim
1036 540 1264 608 utraque
1314 538 1489 608 figura
1525 535 1806 590 rectilinea

26 707 30 710 Ὺ
110 571 325 785 Ἐκ
454 683 512 733 B
601 630 669 694 A,
701 629 748 678 Β
802 626 1011 696 figurae
1058 628 1113 679 Γ
1153 625 1363 679 similis,
1452 625 1594 695 dico,
1643 626 1806 680 etiam

600 716 803 785 figuras
843 719 915 784 A,
943 717 990 767 Β
1032 714 1237 767 similes
1278 732 1409 767 esse.

711 822 842 857 nam
881 803 1138 873 quoniam
1184 807 1239 856 A
1285 804 1490 874 figurae
1529 806 1583 860 Γ
1615 804 1807 858 similis

11 888 39 971 2}
602 895 699 962 est,
746 895 800 945 et
848 892 1211 963 aequiangula
1258 895 1342 946 est
1397 893 1472 963 ei,
1529 895 1583 946 et
1636 894 1809 947 latera

1 972 19 1067 ἶ»
290 818 565 1091 Q
603 982 853 1051 aequales
888 982 1122 1051 angulos
1149 981 1658 1052 comprehendentia
1688 1000 1809 1053 pro·

599 1069 934 1141 portionalia
955 1069 1163 1124 habent
1188 1069 1313 1137 [def.
1344 1071 1414 1137 1].
1468 1089 1654 1124 rursus
1680 1088 1809 1140 quo-

4 1274 7 1326 3
106 1253 281 1305 latera
314 1249 564 1320 aequales
589 1249 816 1319 angulos
839 1247 1350 1316 comprehendentia
1378 1247 1811 1317 proportionalia

0 1329 7 1412 l
106 1342 312 1396 habent
345 1338 470 1406 [def.
508 1340 578 1405 1].
653 1338 837 1407 itaque
876 1339 1105 1407 utraque
1143 1337 1317 1407 figura
1356 1342 1424 1407 A,
1449 1340 1496 1390 Β
1537 1340 1591 1390 et
1631 1337 1811 1406 aequi-

0 1414 9 1486 ἶ
107 1431 309 1501 angula
340 1431 424 1481 est
461 1427 666 1498 figurae
699 1429 760 1495 Γ,
800 1429 854 1478 et
892 1425 1066 1479 latera
1107 1427 1357 1496 aequales
1400 1426 1627 1496 angulos
1665 1443 1812 1480 com-

106 1518 496 1590 prehendentia
549 1515 978 1588 proportionalia
1032 1514 1251 1568 habent.
1345 1533 1510 1586 quare
1572 1521 1626 1568 A
1664 1540 1723 1559 Ν
1762 1517 1809 1568 Β

8 1643 10 1660 .
109 1608 235 1676 [def.
271 1609 349 1675 l];
391 1606 533 1676 quod
573 1610 690 1659 erat
730 1603 1226 1659 demonstrandum.

874 1766 1047 1820 XXII.

10 1908 14 1934 .
224 1872 282 1927 Si
344 1875 603 1944 quattuor
671 1874 851 1926 rectae
923 1871 1364 1942 proportionales
1429 1872 1579 1939 sunt,
1649 1869 1813 1922 etiam

10 1955 15 2004 ἱ
115 1963 321 2034 figurae
361 1961 671 2040 rectilineae
710 1961 768 2013 in
799 1960 867 2014 iis
901 1960 1105 2014 similes
1140 1963 1194 2014 et
1226 1960 1478 2014 similiter
1510 1959 1813 2028 descriptae

11 2038 14 2102 5
114 2050 550 2123 proportionales
602 2052 784 2118 erunt3
835 2051 890 2102 et
937 2050 983 2102 si
1032 2049 1239 2120 figurae
1287 2049 1598 2102 rectilineae
1638 2048 1696 2100 in
1744 2047 1813 2100 iis

12 2179 16 2209 4
114 2141 318 2195 similes
382 2142 437 2194 et
500 2139 748 2193 similiter
810 2138 1111 2209 descriptae
1172 2137 1608 2209 proportionales
1671 2140 1813 2203 sunt,

14 2275 15 2279 ,
55 2237 72 2290 ς
121 2229 285 2283 etiam
323 2230 475 2299 ipsae
515 2230 695 2282 rectae
735 2228 1174 2298 proportionales
1216 2231 1387 2283 erunt.

14 2301 17 2320 ¹
227 2317 348 2372 Sint
387 2320 641 2388 quattuor
679 2320 859 2371 rectae
897 2318 1333 2388 proportionales
1373 2320 1506 2387 AB,
1541 2318 1659 2386 ΓΔ,
1693 2319 1818 2388 ΕΖ,

236 2482 280 2535 1)
310 2481 432 2523 Nam
465 2479 625 2524 θοι-011.
658 2483 684 2523 2
718 2493 761 2536 p.
799 2483 899 2535 138,
936 2483 1108 2524 17-28
1141 2477 1323 2524 Theoni
1345 2477 1533 2523 uidetur
1557 2477 1737 2531 deberi;
1770 2493 1813 2522 u.

115 2551 162 2596 p.
195 2543 278 2583 131
311 2539 407 2584 not.
441 2543 486 2593 13
536 2553 626 2584 om.
668 2538 932 2596 Campanus
980 2537 1084 2594 (sed
1121 2537 1161 2583 is
1194 2538 1382 2595 quidem
1422 2536 1566 2583 etiam
1597 2537 1756 2583 coroll.
1793 2541 1814 2580 1

28 2596 32 2603 '
70 2605 76 2612 ·
118 2597 313 2667 oni-isit),
353 2598 402 2643 et
431 2597 482 2642 in
512 2598 550 2642 B
582 2597 863 2643 adscribitur
894 2611 988 2654 mg.
1021 2613 1083 2643 m.
1108 2611 1196 2643 rec.
1262 2593 1313 2642 ἐν
1337 2593 1460 2656 ἄλλῳ
1493 2593 1550 2642 οὐ
1581 2593 1817 2654 γράφεται

117 2671 269 2701 τουτο.

122 2829 231 2891 ιβ’]
264 2830 348 2906 πᾶς’
381 2847 412 2890 p
445 2834 495 2878 et
525 2834 585 2892 F,
619 2834 702 2879 sed
733 2847 849 2879 corr.
883 2849 943 2879 m.
976 2847 1068 2880 rec.
1193 2838 1261 2879 17.
1297 2826 1429 2892 ὦσιν]
1463 2832 1499 2876 Ρ
1532 2833 1578 2877 et
1602 2832 1652 2890 B,
1687 2831 1768 2876 sed
1791 2848 1818 2876 ν
1911 2854 1913 2858 -

50 2918 57 2925 ·
122 2903 260 2943 eram
292 2906 378 2936 ωσι
408 2890 551 2950 FVp.
674 2898 744 2939 23.
779 2888 951 2939 εὐθεῖα
984 2893 1032 2938 F.

107 1162 256 1215 niam
295 1165 342 1214 Β
382 1161 588 1231 figurae
627 1162 681 1213 Γ
706 1159 895 1212 similis
930 1161 1028 1228 est,
1069 1162 1123 1212 et
1153 1159 1512 1230 aequiangula
1544 1162 1628 1212 est
1659 1160 1723 1228 ei,
1757 1163 1812 1212 et
1907 1143 1910 1147 ¹
