1988 3152
251 114 358 166 132
884 116 1221 160 ΣΤΟΙΧΕΙΩΝ
1252 115 1313 164 ς’.

248 239 541 292 ΖΗΘΚΛ
588 232 888 304 πολύγωνα
936 240 1014 300 εἴς
1051 257 1108 291 τε
1155 235 1605 309 ὄμοιατρίγωνα
1645 240 1937 308 διαιρεῖται

246 325 341 379 καὶ
396 327 473 389 εἰς
520 330 613 378 ἴσα
659 321 720 379 τὸ
769 327 989 395 πλῆθος
1032 325 1125 380 καὶ
1166 322 1415 396 ὁμόλογα
1459 337 1577 392 τοῖς
1624 326 1800 396 ὅλοις,
1846 328 1938 382 καὶ

246 414 311 470 τὸ
345 418 629 470 ΑΒΓΔΕ
656 413 989 484 πολύγωνον
1020 411 1161 485 πρὸς
1188 412 1250 469 τὸ
1286 420 1576 471 ΖΗΘΚΛ
1606 417 1937 486 πολύγωνον

248 507 581 559 διπλασίονα
619 502 792 573 λόγον
833 507 941 574 ἔχει
981 501 1120 575 ἤπερ
1160 500 1194 574 ἡ
1235 509 1342 558 ΑΒ
1381 502 1518 574 πρὸς
1556 503 1659 574 τὴν
1701 510 1825 559 ΖΗ.

355 589 812 663 Ἐπεζεύχθωσαν
851 594 913 646 αἱ
947 597 1078 662 ΒΕ,
1105 597 1224 662 ΕΓ,
1251 598 1316 646 Η
1318 598 1367 646 Λ
1376 635 1391 661 ,
1418 599 1537 648 ΛΘ.
1605 651 1612 656 ,

360 680 474 735 Καὶ
538 680 650 735 ἐπεὶ
720 679 922 751 ὅμοιόν
979 683 1091 736 ἐστι
1147 682 1210 737 τὸ
1261 686 1546 737 ΑΒΓΔΕ
1603 681 1936 752 πολύγωνον

246 773 324 844 τῷ
365 773 656 824 ΖΗΘΚΛ
696 767 1030 843 πολυγώνῳ,
1079 776 1171 841 ἴση
1213 769 1364 826 ἐστὶν
1402 768 1436 842 ἡ
1477 768 1585 826 ὑπὸ
1627 777 1800 827 ΒΑΕ
1835 793 1937 842 γω-

246 862 341 913 νία
387 860 452 929 τῇ
494 854 602 912 ὑπὸ
651 862 840 913 ΗΖΛ.
925 862 1022 912 καί
1072 859 1222 914 ἐστιν
1271 857 1345 926 ὡς
1384 856 1418 930 ἡ
1466 865 1576 914 ΒΑ
1622 858 1761 931 πρὸς
1811 866 1938 930 ΑΕ,

249 947 426 1013 οὕτως
464 943 498 1018 ἡ
539 951 649 1000 ΗΖ
689 944 829 1018 πρὸς
870 952 989 1002 ΖΛ.
1068 947 1186 1003 ἐπεὶ
1234 940 1339 1003 οὖν
1386 947 1491 1004 δύο
1538 948 1781 1019 τρίγωνά
1825 950 1938 1004 ἐστι

161 1044 215 1084 10
248 1035 315 1090 τὰ
355 1041 550 1107 ΑΒΕ,
577 1040 749 1091 ΖΗΛ
787 1040 924 1107 μίαν
964 1040 1180 1107 γωνίαν
1220 1040 1318 1111 μιᾷ
1350 1042 1528 1112 γωνίᾳ
1560 1045 1688 1109 ἴσην
1723 1042 1937 1109 ἔχοντα,

246 1125 372 1198 περὶ
443 1125 506 1181 δὲ
566 1123 663 1191 τὰς
726 1131 850 1191 ἴσας
911 1129 1118 1196 γωνίας
1171 1123 1270 1191 τὰς
1330 1126 1572 1198 πλευρὰς
1633 1123 1937 1196 ἀνάλογον,

248 1212 552 1285 ἰσογώνιον
622 1212 732 1286 ἄρα
803 1214 916 1269 ἐστὶ
973 1212 1036 1269 τὸ
1088 1220 1262 1269 ΑΒΕ
1312 1218 1589 1286 τρίγωνον
1642 1217 1717 1290 τῷ
1768 1220 1939 1269 ΖΗΛ

245 1301 521 1378 τριγώνῳ·
556 1299 697 1359 ὥστε
724 1302 820 1356 καὶ
855 1301 1078 1373 ὅμοιον·
1113 1309 1204 1374 ἴση
1238 1301 1347 1374 ἄρα
1380 1304 1530 1359 ἐστὶν
1562 1299 1595 1374 ἡ
1628 1300 1738 1359 ὑπὸ
1773 1309 1943 1359 ΑΒΕ

249 1396 428 1463 γωνία
466 1394 532 1463 τῇ
587 1389 695 1447 ὑπὸ
739 1395 926 1450 ΖΗΛ.
1008 1396 1122 1447 ἔστι
1175 1391 1236 1448 δὲ
1274 1392 1365 1447 καὶ
1407 1392 1508 1463 ὅλη
1550 1390 1583 1463 ἡ
1625 1391 1734 1448 ὑπὸ
1775 1396 1948 1448 ΑΒΓ

162 1496 216 1536 15
250 1480 352 1554 ὅλῃ
392 1483 458 1554 τῇ
497 1478 608 1537 ὑπὸ
651 1485 819 1536 ΖΗΘ
859 1487 951 1552 ἴση
1004 1479 1097 1536 διὰ
1138 1479 1240 1553 τὴν
1279 1479 1579 1553 ὁμοιότητα
1618 1485 1731 1538 τῶν
1771 1487 1939 1537 πολυ-

245 1568 470 1641 γώνων·
510 1567 676 1641 λοιπὴ
716 1569 826 1642 ἄρα
866 1567 901 1642 ἡ
941 1568 1050 1626 ὑπὸ
1094 1575 1264 1626 ΕΒΓ
1295 1575 1473 1641 γωνία
1511 1573 1576 1643 τῇ
1617 1568 1724 1627 ὑπὸ
1768 1576 1939 1626 ΛΗΘ

249 1660 401 1714 ἐστιν
449 1665 557 1730 ἴση.
634 1659 727 1714 καὶ
785 1658 902 1715 ἐπεὶ
957 1656 1050 1714 διὰ
1098 1656 1200 1730 τὴν
1249 1656 1547 1730 ὁμοιότητα
1592 1662 1705 1715 τῶν
1753 1665 1938 1730 ΑΒΕ,

246 1752 420 1803 ΖΗΛ
473 1747 766 1820 τριγώνων
822 1747 973 1802 ἐστὶν
1029 1745 1105 1813 ὥς
1150 1745 1184 1819 ἡ
1233 1754 1340 1803 ΕΒ
1387 1747 1525 1820 πρὸς
1580 1753 1707 1818 ΒΑ,
1763 1747 1941 1814 οὕτως

244 1834 280 1908 ἡ
329 1842 455 1892 ΛΗ
493 1835 632 1908 πρὸς
678 1841 818 1908 ΗΖ,
866 1834 1007 1892 ἀλλὰ
1057 1835 1170 1908 μὴν
1214 1837 1307 1892 καὶ
1356 1835 1448 1892 διὰ
1496 1835 1600 1907 τὴν
1641 1834 1939 1908 ὁμοιότητα

155 1941 214 1982 20
244 1929 360 1983 τῶν
406 1925 752 1997 πολυγώνων
802 1925 952 1981 ἐστὶν
1001 1921 1077 1990 ὡς
1121 1922 1155 1996 ἡ
1197 1931 1305 1981 ΑΒ
1345 1923 1483 1997 πρὸς
1521 1929 1640 1995 ΒΓ,
1690 1925 1866 1992 οὕτως
1904 1924 1937 1998 ἡ

248 2021 367 2071 ΖΗ
406 2014 545 2087 πρὸς
595 2020 732 2085 ΗΘ,
789 2011 862 2070 δι’
923 2021 1052 2070 ἴσου
1100 2012 1209 2086 ἄρα
1256 2014 1406 2070 ἐστὶν
1454 2011 1529 2080 ὡς
1574 2011 1608 2085 ἡ
1659 2020 1763 2070 ΕΒ
1802 2014 1939 2086 πρὸς

247 2109 369 2174 ΒΓ,
418 2102 597 2170 οὕτως
643 2101 677 2175 ἡ
719 2109 844 2159 ΛΗ
875 2101 1014 2176 πρὸς
1052 2108 1191 2174 ΗΘ,
1237 2103 1328 2158 καὶ
1374 2102 1498 2174 περὶ
1538 2100 1635 2168 τὰς
1675 2108 1798 2169 ἴσας
1836 2126 1938 2175 γω·

246 2197 372 2258 νίας
408 2190 507 2257 τὰς
544 2191 653 2248 ὑπὸ
689 2196 868 2262 ΕΒΓ,
894 2197 1068 2248 ΛΗΘ
1099 2194 1161 2247 αἰ
1188 2192 1422 2264 πλευραὶ
1454 2189 1739 2263 ἀνάλογόν
1772 2195 1939 2249 εἰσιν·

249 2280 553 2351 ἰσογώνιον
614 2279 723 2353 ἄρα
783 2281 897 2337 ἐστὶ
955 2280 1019 2336 τὸ
1079 2285 1248 2336 ΕΒΓ
1301 2284 1580 2353 τρίγωνον
1633 2284 1709 2356 τῷ
1766 2287 1939 2338 ΛΗΘ

157 2384 213 2424 25
245 2369 522 2445 τριγώνῳ·
580 2367 721 2425 ὥστε
774 2370 867 2425 καὶ
923 2369 1123 2441 ὅμοιόν
1179 2371 1292 2426 ἐστι
1345 2368 1408 2425 τὸ
1456 2374 1625 2425 ΕΒΓ
1663 2374 1939 2442 τρίγωνον

244 2462 322 2535 τῷ
371 2463 544 2514 ΛΗΘ
598 2458 868 2530 τριγώνω.
950 2457 1043 2515 διὰ
1102 2457 1171 2515 τὰ
1219 2457 1359 2515 αὐτὰ
1412 2457 1481 2531 δὴ
1529 2459 1621 2514 καὶ
1667 2458 1728 2515 τὸ
1779 2464 1939 2515 ΕΓΔ

243 2553 522 2622 τρίγωνον
570 2545 771 2619 ὅμοιόν
826 2550 941 2605 ἐστι
1001 2551 1077 2624 τῷ
1134 2553 1308 2604 ΛΘΚ
1358 2548 1626 2624 τριγώνῳ.
1711 2547 1777 2604 τά
1829 2547 1938 2622 ἄρα

368 2732 408 2772 5.
440 2727 560 2785 ΛΘ]
604 2727 771 2773 mutat.
810 2726 860 2771 in
899 2730 983 2771 ΛΒ
1023 2727 1073 2772 F.
1229 2731 1269 2771 7.
1303 2722 1404 2772 ἐστι’
1438 2739 1533 2784 seq.
1574 2740 1663 2771 ras.
1704 2730 1730 2771 8
1762 2726 1855 2773 list.
1887 2727 1935 2772 F.
1986 2731 1988 2781 ζ

306 2791 348 2833 8.
384 2785 548 2845 ΗΖΛ]
601 2788 739 2830 ΖΗΛ
786 2786 835 2831 F.
871 2789 873 2791 ’
914 2785 1001 2844 τὴν
1047 2788 1135 2830 ΑΕ
1174 2786 1228 2831 V.
1353 2791 1393 2832 9.
1436 2785 1553 2844 ΗΖ]
1598 2789 1696 2830 ΖΗ
1728 2786 1778 2831 Ρ.
1852 2783 1937 2843 τὴν
1984 2790 1988 2834 '3

248 2849 334 2892 ΖΛ
364 2846 419 2891 V.
568 2849 636 2890 10.
670 2846 840 2904 γωνία]
873 2848 1054 2902 γωνίαν
1087 2846 1190 2902 ch.
1338 2850 1406 2890 11.
1439 2843 1521 2903 δέ]
1557 2858 1646 2891 om.
1678 2845 1726 2889 F.
1868 2851 1935 2891 13.
1986 2843 1988 2847 ⁸

248 2905 344 2965 ἴση]
380 2919 494 2951 corr.
528 2918 583 2949 ex
616 2906 717 2949 ἴσον
749 2892 809 2949 ω’.
843 2918 932 2950 rec.
967 2905 1017 2950 P.
1143 2909 1211 2952 15.
1248 2904 1416 2963 ΖΗΘ]
1451 2906 1501 2948 Η
1530 2904 1713 2950 uidetur
1737 2919 1852 2950 corr.
1877 2904 1932 2950 V.
1982 2882 1988 2960 Ῑ,
