<?xml version="1.0" encoding="UTF-8"?>
<!DOCTYPE html PUBLIC "-//W3C//DTD XHTML 1.0 Transitional//EN"
    "http://www.w3.org/TR/xhtml1/DTD/xhtml1-transitional.dtd">
<html xmlns="http://www.w3.org/1999/xhtml" xml:lang="en" lang="en">
 <head>
  <title>
</title>
<meta http-equiv="Content-Type" content="text/html;charset=utf-8" />
  <meta name='ocr-system' content='tesseract 3.04.00' />
  <meta name='ocr-capabilities' content='ocr_page ocr_carea ocr_par ocr_line ocrx_word'/>
</head>
<body>
  <div class='ocr_page' id='page_1' title='image "./euclidisoperaomn02eucluoft_0284.png"; bbox 0 0 1988 3152; ppageno 0'>
   <div class='ocr_carea' id='block_1_1' title="bbox 135 1087 189 1127">
    <p class='ocr_par' dir='ltr' id='par_1_1' title="bbox 135 1087 189 1127">
     <span class='ocr_line' id='line_1_1' title="bbox 135 1087 189 1127; baseline 0.019 -1"><span class='ocrx_word' id='word_1_1' title='bbox 135 1087 189 1127; x_wconf 90' lang='lat'><strong><em>10</em></strong></span> 
     </span>
    </p>
   </div>
   <div class='ocr_carea' id='block_1_2' title="bbox 133 1531 187 1571">
    <p class='ocr_par' dir='ltr' id='par_1_2' title="bbox 133 1531 187 1571">
     <span class='ocr_line' id='line_1_2' title="bbox 133 1531 187 1571; baseline 0 0"><span class='ocrx_word' id='word_1_2' title='bbox 133 1531 187 1571; x_wconf 85' lang='lat'><strong><em>15</em></strong></span> 
     </span>
    </p>
   </div>
   <div class='ocr_carea' id='block_1_3' title="bbox 132 1975 189 2015">
    <p class='ocr_par' dir='ltr' id='par_1_3' title="bbox 132 1975 189 2015">
     <span class='ocr_line' id='line_1_3' title="bbox 132 1975 189 2015; baseline 0.018 -1"><span class='ocrx_word' id='word_1_3' title='bbox 132 1975 189 2015; x_wconf 82' lang='lat'><strong><em>20</em></strong></span> 
     </span>
    </p>
   </div>
   <div class='ocr_carea' id='block_1_4' title="bbox 127 2418 183 2458">
    <p class='ocr_par' dir='ltr' id='par_1_4' title="bbox 127 2418 183 2458">
     <span class='ocr_line' id='line_1_4' title="bbox 127 2418 183 2458; baseline 0.018 -1"><span class='ocrx_word' id='word_1_4' title='bbox 127 2418 183 2458; x_wconf 82' lang='lat'><strong><em>25</em></strong></span> 
     </span>
    </p>
   </div>
   <div class='ocr_carea' id='block_1_5' title="bbox 227 157 1289 215">
    <p class='ocr_par' dir='ltr' id='par_1_5' title="bbox 227 157 1289 215">
     <span class='ocr_line' id='line_1_5' title="bbox 227 157 1289 215; baseline 0 -9"><span class='ocrx_word' id='word_1_5' title='bbox 227 159 336 212; x_wconf 85' lang='lat'><strong><em>258</em></strong></span> <span class='ocrx_word' id='word_1_6' title='bbox 861 161 1199 205; x_wconf 71' lang='grc' dir='ltr'>ΣΤΟΙΧΕΙῼΝ</span> <span class='ocrx_word' id='word_1_7' title='bbox 1230 157 1289 215; x_wconf 81' lang='grc' dir='ltr'><strong><em>ζ’.</em></strong></span> 
     </span>
    </p>
   </div>
   <div class='ocr_carea' id='block_1_6' title="bbox 216 276 1927 2644">
    <p class='ocr_par' dir='ltr' id='par_1_6' title="bbox 219 276 1927 1499">
     <span class='ocr_line' id='line_1_6' title="bbox 226 276 1922 350; baseline 0.001 -18"><span class='ocrx_word' id='word_1_8' title='bbox 226 279 536 343; x_wconf 88' lang='grc' dir='ltr'><strong><em>πλασιάσας</em></strong></span> <span class='ocrx_word' id='word_1_9' title='bbox 581 277 683 334; x_wconf 89' lang='grc' dir='ltr'><strong><em>τὸν</em></strong></span> <span class='ocrx_word' id='word_1_10' title='bbox 731 285 787 332; x_wconf 99' lang='lat' dir='ltr'><em>A</em></span> <span class='ocrx_word' id='word_1_11' title='bbox 832 283 1157 350; x_wconf 86' lang='grc' dir='ltr'><strong><em>πεποίηκεν,</em></strong></span> <span class='ocrx_word' id='word_1_12' title='bbox 1209 276 1240 334; x_wconf 93' lang='lat'><em>6</em></span> <span class='ocrx_word' id='word_1_13' title='bbox 1287 278 1350 334; x_wconf 75' lang='grc' dir='ltr'><strong><em>δὲ</em></strong></span> <span class='ocrx_word' id='word_1_14' title='bbox 1396 285 1443 334; x_wconf 94' lang='grc' dir='ltr'><strong><em>Β</em></strong></span> <span class='ocrx_word' id='word_1_15' title='bbox 1489 278 1588 335; x_wconf 87' lang='grc' dir='ltr'><strong><em>τὸν</em></strong></span> <span class='ocrx_word' id='word_1_16' title='bbox 1630 285 1674 334; x_wconf 94' lang='grc' dir='ltr'>Ζ</span> <span class='ocrx_word' id='word_1_17' title='bbox 1720 284 1922 334; x_wconf 86' lang='grc' dir='ltr'><strong><em>πολλα-</em></strong></span> 
     </span>
     <span class='ocr_line' id='line_1_7' title="bbox 225 364 1921 439; baseline -0.001 -17"><span class='ocrx_word' id='word_1_18' title='bbox 225 367 535 431; x_wconf 91' lang='grc' dir='ltr'><strong><em>πλασιάσας</em></strong></span> <span class='ocrx_word' id='word_1_19' title='bbox 573 364 672 420; x_wconf 89' lang='grc' dir='ltr'><strong><em>τὸν</em></strong></span> <span class='ocrx_word' id='word_1_20' title='bbox 698 372 753 420; x_wconf 98' lang='lat' dir='ltr'><em>A</em></span> <span class='ocrx_word' id='word_1_21' title='bbox 790 371 1109 437; x_wconf 82' lang='grc' dir='ltr'><strong><em>πεποίηκεν·</em></strong></span> <span class='ocrx_word' id='word_1_22' title='bbox 1151 373 1270 432; x_wconf 80' lang='grc' dir='ltr'><strong><em>ἴσος</em></strong></span> <span class='ocrx_word' id='word_1_23' title='bbox 1309 366 1418 439; x_wconf 74' lang='grc' dir='ltr'><strong><em>ἄρα</em></strong></span> <span class='ocrx_word' id='word_1_24' title='bbox 1458 368 1607 423; x_wconf 82' lang='grc' dir='ltr'><strong><em>ἐστὶν</em></strong></span> <span class='ocrx_word' id='word_1_25' title='bbox 1649 364 1678 423; x_wconf 94' lang='lat'><em>6</em></span> <span class='ocrx_word' id='word_1_26' title='bbox 1720 368 1779 421; x_wconf 82' lang='grc' dir='ltr'><strong><em>ἐκ</em></strong></span> <span class='ocrx_word' id='word_1_27' title='bbox 1809 369 1921 422; x_wconf 80' lang='grc' dir='ltr'><strong><em>τῶν</em></strong></span> 
     </span>
     <span class='ocr_line' id='line_1_8' title="bbox 225 453 1922 529; baseline 0 -19"><span class='ocrx_word' id='word_1_28' title='bbox 225 462 304 525; x_wconf 92' lang='grc' dir='ltr'><strong><em>Α,</em></strong></span> <span class='ocrx_word' id='word_1_29' title='bbox 339 461 391 510; x_wconf 89' lang='grc' dir='ltr'><em>Ε</em></span> <span class='ocrx_word' id='word_1_30' title='bbox 424 457 500 529; x_wconf 80' lang='grc' dir='ltr'><strong><em>τῷ</em></strong></span> <span class='ocrx_word' id='word_1_31' title='bbox 543 456 601 509; x_wconf 83' lang='grc' dir='ltr'><strong><em>ἐκ</em></strong></span> <span class='ocrx_word' id='word_1_32' title='bbox 639 457 755 510; x_wconf 76' lang='grc' dir='ltr'><strong><em>τῶν</em></strong></span> <span class='ocrx_word' id='word_1_33' title='bbox 793 460 867 525; x_wconf 91' lang='grc' dir='ltr'><strong><em>Β,</em></strong></span> <span class='ocrx_word' id='word_1_34' title='bbox 903 461 962 510; x_wconf 92' lang='grc' dir='ltr'><strong><em>Ζ.</em></strong></span> <span class='ocrx_word' id='word_1_35' title='bbox 1027 458 1178 510; x_wconf 83' lang='grc' dir='ltr'><strong><em>ἔστιν</em></strong></span> <span class='ocrx_word' id='word_1_36' title='bbox 1218 453 1328 527; x_wconf 73' lang='grc' dir='ltr'><strong><em>ἄρα</em></strong></span> <span class='ocrx_word' id='word_1_37' title='bbox 1369 453 1443 520; x_wconf 80' lang='grc' dir='ltr'><strong><em>ὡς</em></strong></span> <span class='ocrx_word' id='word_1_38' title='bbox 1483 453 1513 511; x_wconf 93' lang='lat'><em>6</em></span> <span class='ocrx_word' id='word_1_39' title='bbox 1552 464 1605 511; x_wconf 98' lang='lat' dir='ltr'><em>A</em></span> <span class='ocrx_word' id='word_1_40' title='bbox 1643 455 1783 527; x_wconf 87' lang='grc' dir='ltr'><strong><em>πρὸς</em></strong></span> <span class='ocrx_word' id='word_1_41' title='bbox 1821 454 1922 510; x_wconf 88' lang='grc' dir='ltr'><strong><em>τὸν</em></strong></span> 
     </span>
     <span class='ocr_line' id='line_1_9' title="bbox 223 540 1924 617; baseline 0.001 -19"><span class='ocrx_word' id='word_1_42' title='bbox 223 549 296 614; x_wconf 91' lang='grc' dir='ltr'><strong><em>Β,</em></strong></span> <span class='ocrx_word' id='word_1_43' title='bbox 345 541 524 608; x_wconf 75' lang='grc' dir='ltr'><strong><em>οὕτως</em></strong></span> <span class='ocrx_word' id='word_1_44' title='bbox 564 540 593 598; x_wconf 93' lang='lat'><em>6</em></span> <span class='ocrx_word' id='word_1_45' title='bbox 638 549 682 597; x_wconf 94' lang='grc' dir='ltr'><strong><em>Ζ</em></strong></span> <span class='ocrx_word' id='word_1_46' title='bbox 721 541 859 615; x_wconf 86' lang='grc' dir='ltr'><strong><em>πρὸς</em></strong></span> <span class='ocrx_word' id='word_1_47' title='bbox 897 542 998 599; x_wconf 90' lang='grc' dir='ltr'><strong><em>τὸν</em></strong></span> <span class='ocrx_word' id='word_1_48' title='bbox 1037 549 1102 598; x_wconf 90' lang='grc' dir='ltr'><strong><em>Ε.</em></strong></span> <span class='ocrx_word' id='word_1_49' title='bbox 1179 546 1237 599; x_wconf 77' lang='grc' dir='ltr'><strong><em>οἰ</em></strong></span> <span class='ocrx_word' id='word_1_50' title='bbox 1273 543 1335 599; x_wconf 74' lang='grc' dir='ltr'><strong><em>δὲ</em></strong></span> <span class='ocrx_word' id='word_1_51' title='bbox 1375 550 1452 614; x_wconf 92' lang='lat' dir='ltr'><em>A,</em></span> <span class='ocrx_word' id='word_1_52' title='bbox 1492 550 1539 599; x_wconf 92' lang='grc' dir='ltr'><strong><em>Β</em></strong></span> <span class='ocrx_word' id='word_1_53' title='bbox 1579 547 1816 617; x_wconf 77' lang='grc' dir='ltr'><strong><em>πρῶτοι,</em></strong></span> <span class='ocrx_word' id='word_1_54' title='bbox 1866 546 1924 599; x_wconf 80' lang='grc' dir='ltr'><strong><em>οἱ</em></strong></span> 
     </span>
     <span class='ocr_line' id='line_1_10' title="bbox 225 630 1921 704; baseline 0.001 -19"><span class='ocrx_word' id='word_1_55' title='bbox 225 630 288 686; x_wconf 77' lang='grc' dir='ltr'><strong><em>δὲ</em></strong></span> <span class='ocrx_word' id='word_1_56' title='bbox 317 634 528 703; x_wconf 76' lang='grc' dir='ltr'><strong><em>πρῶτοι</em></strong></span> <span class='ocrx_word' id='word_1_57' title='bbox 559 631 652 686; x_wconf 83' lang='grc' dir='ltr'><strong><em>καὶ</em></strong></span> <span class='ocrx_word' id='word_1_58' title='bbox 686 631 981 704; x_wconf 85' lang='grc' dir='ltr'><strong><em>ἐλάχιστοι,</em></strong></span> <span class='ocrx_word' id='word_1_59' title='bbox 1015 635 1073 688; x_wconf 77' lang='grc' dir='ltr'><strong><em>οἱ</em></strong></span> <span class='ocrx_word' id='word_1_60' title='bbox 1102 631 1164 687; x_wconf 77' lang='grc' dir='ltr'><strong><em>δὲ</em></strong></span> <span class='ocrx_word' id='word_1_61' title='bbox 1196 631 1475 703; x_wconf 82' lang='grc' dir='ltr'><strong><em>ἐλάχιστοι</em></strong></span> <span class='ocrx_word' id='word_1_62' title='bbox 1500 636 1764 704; x_wconf 83' lang='grc' dir='ltr'><strong><em>μετροῦσι</em></strong></span> <span class='ocrx_word' id='word_1_63' title='bbox 1788 630 1921 697; x_wconf 81' lang='grc' dir='ltr'><strong><em>τοὺς</em></strong></span> 
     </span>
     <span class='ocr_line' id='line_1_11' title="bbox 222 717 1920 792; baseline 0.001 -18"><span class='ocrx_word' id='word_1_64' title='bbox 222 717 322 775; x_wconf 91' lang='grc' dir='ltr'><strong><em>τὸν</em></strong></span> <span class='ocrx_word' id='word_1_65' title='bbox 363 717 538 775; x_wconf 81' lang='grc' dir='ltr'><strong><em>αὐτὸν</em></strong></span> <span class='ocrx_word' id='word_1_66' title='bbox 578 721 751 791; x_wconf 78' lang='grc' dir='ltr'><strong><em>λόγον</em></strong></span> <span class='ocrx_word' id='word_1_67' title='bbox 792 724 1021 792; x_wconf 84' lang='grc' dir='ltr'><strong><em>ἔχοντας</em></strong></span> <span class='ocrx_word' id='word_1_68' title='bbox 1059 721 1241 786; x_wconf 79' lang='grc' dir='ltr'><em>ἰσάκις</em></span> <span class='ocrx_word' id='word_1_69' title='bbox 1283 721 1315 776; x_wconf 85' lang='lat'><strong><em>6&#39;</em></strong></span> <span class='ocrx_word' id='word_1_70' title='bbox 1345 742 1403 776; x_wconf 90' lang='grc' dir='ltr'><strong><em>τε</em></strong></span> <span class='ocrx_word' id='word_1_71' title='bbox 1447 725 1646 792; x_wconf 79' lang='grc' dir='ltr'><strong><em>μείζων</em></strong></span> <span class='ocrx_word' id='word_1_72' title='bbox 1676 719 1778 776; x_wconf 86' lang='grc' dir='ltr'><strong><em>τὸν</em></strong></span> <span class='ocrx_word' id='word_1_73' title='bbox 1809 726 1920 792; x_wconf 87' lang='grc' dir='ltr'><strong><em>μεί-</em></strong></span> 
     </span>
     <span class='ocr_line' id='line_1_12' title="bbox 225 806 1925 882; baseline 0.001 -19"><span class='ocrx_word' id='word_1_74' title='bbox 225 812 356 874; x_wconf 80' lang='grc' dir='ltr'><strong><em>ζονα</em></strong></span> <span class='ocrx_word' id='word_1_75' title='bbox 402 809 495 863; x_wconf 83' lang='grc' dir='ltr'><strong><em>καὶ</em></strong></span> <span class='ocrx_word' id='word_1_76' title='bbox 543 806 573 864; x_wconf 95' lang='lat'><em>6</em></span> <span class='ocrx_word' id='word_1_77' title='bbox 621 809 874 864; x_wconf 79' lang='grc' dir='ltr'><strong><em>ἐλάσσων</em></strong></span> <span class='ocrx_word' id='word_1_78' title='bbox 919 807 1021 864; x_wconf 87' lang='grc' dir='ltr'><strong><em>τὸν</em></strong></span> <span class='ocrx_word' id='word_1_79' title='bbox 1062 809 1359 864; x_wconf 83' lang='grc' dir='ltr'><strong><em>ἐλάσσονα·</em></strong></span> <span class='ocrx_word' id='word_1_80' title='bbox 1423 807 1452 864; x_wconf 97' lang='lat'><em>6</em></span> <span class='ocrx_word' id='word_1_81' title='bbox 1496 815 1542 864; x_wconf 92' lang='grc' dir='ltr'><strong><em>Β</em></strong></span> <span class='ocrx_word' id='word_1_82' title='bbox 1582 808 1693 882; x_wconf 77' lang='grc' dir='ltr'><strong><em>ἄρα</em></strong></span> <span class='ocrx_word' id='word_1_83' title='bbox 1731 808 1832 865; x_wconf 88' lang='grc' dir='ltr'><strong><em>τὸν</em></strong></span> <span class='ocrx_word' id='word_1_84' title='bbox 1872 815 1925 864; x_wconf 88' lang='grc' dir='ltr'><em>Ε</em></span> 
     </span>
     <span class='ocr_line' id='line_1_13' title="bbox 222 893 1926 969; baseline 0 -18"><span class='ocrx_word' id='word_1_85' title='bbox 222 908 423 969; x_wconf 78' lang='grc' dir='ltr'><strong><em>μετρεῖ,</em></strong></span> <span class='ocrx_word' id='word_1_86' title='bbox 457 894 532 961; x_wconf 79' lang='grc' dir='ltr'><strong><em>ὡς</em></strong></span> <span class='ocrx_word' id='word_1_87' title='bbox 563 896 833 967; x_wconf 80' lang='grc' dir='ltr'><strong><em>ἑπόμενος</em></strong></span> <span class='ocrx_word' id='word_1_88' title='bbox 866 895 1158 966; x_wconf 81' lang='grc' dir='ltr'><strong><em>ἑπόμενον.</em></strong></span> <span class='ocrx_word' id='word_1_89' title='bbox 1211 895 1305 950; x_wconf 87' lang='grc' dir='ltr'><strong><em>καὶ</em></strong></span> <span class='ocrx_word' id='word_1_90' title='bbox 1338 896 1454 951; x_wconf 82' lang='grc' dir='ltr'><strong><em>ἐπεὶ</em></strong></span> <span class='ocrx_word' id='word_1_91' title='bbox 1488 893 1516 950; x_wconf 94' lang='lat'><em>6</em></span> <span class='ocrx_word' id='word_1_92' title='bbox 1543 903 1596 950; x_wconf 93' lang='lat' dir='ltr'><em>A</em></span> <span class='ocrx_word' id='word_1_93' title='bbox 1626 894 1758 961; x_wconf 84' lang='grc' dir='ltr'><strong><em>τοὺς</em></strong></span> <span class='ocrx_word' id='word_1_94' title='bbox 1781 902 1847 966; x_wconf 94' lang='grc' dir='ltr'><strong><em>Β,</em></strong></span> <span class='ocrx_word' id='word_1_95' title='bbox 1873 902 1926 950; x_wconf 90' lang='grc' dir='ltr'><em>Ε</em></span> 
     </span>
     <span class='ocr_line' id='line_1_14' title="bbox 221 981 1922 1057; baseline 0.001 -18"><span class='ocrx_word' id='word_1_96' title='bbox 221 983 713 1049; x_wconf 80' lang='grc' dir='ltr'><strong><em>πολλαπλασιάσας</em></strong></span> <span class='ocrx_word' id='word_1_97' title='bbox 757 981 890 1048; x_wconf 86' lang='grc' dir='ltr'><strong><em>τοὺς</em></strong></span> <span class='ocrx_word' id='word_1_98' title='bbox 927 988 992 1052; x_wconf 89' lang='grc' dir='ltr'><strong><em>Γ,</em></strong></span> <span class='ocrx_word' id='word_1_99' title='bbox 1034 990 1089 1038; x_wconf 96' lang='lat' dir='ltr'><em>A</em></span> <span class='ocrx_word' id='word_1_100' title='bbox 1134 987 1458 1054; x_wconf 83' lang='grc' dir='ltr'><strong><em>πεποίηκεν,</em></strong></span> <span class='ocrx_word' id='word_1_101' title='bbox 1507 988 1657 1040; x_wconf 83' lang='grc' dir='ltr'><strong><em>ἔστιν</em></strong></span> <span class='ocrx_word' id='word_1_102' title='bbox 1696 983 1806 1057; x_wconf 74' lang='grc' dir='ltr'><strong><em>ἄρα</em></strong></span> <span class='ocrx_word' id='word_1_103' title='bbox 1847 982 1922 1050; x_wconf 77' lang='grc' dir='ltr'><strong><em>ὥς</em></strong></span> 
     </span>
     <span class='ocr_line' id='line_1_15' title="bbox 224 1069 1922 1146; baseline -0.001 -17"><span class='ocrx_word' id='word_1_104' title='bbox 224 1071 254 1129; x_wconf 93' lang='lat'><em>6</em></span> <span class='ocrx_word' id='word_1_105' title='bbox 294 1079 342 1128; x_wconf 92' lang='grc' dir='ltr'><strong><em>Β</em></strong></span> <span class='ocrx_word' id='word_1_106' title='bbox 382 1071 523 1146; x_wconf 88' lang='grc' dir='ltr'><strong><em>πρὸς</em></strong></span> <span class='ocrx_word' id='word_1_107' title='bbox 559 1071 660 1128; x_wconf 88' lang='grc' dir='ltr'><strong><em>τὸν</em></strong></span> <span class='ocrx_word' id='word_1_108' title='bbox 701 1079 769 1143; x_wconf 88' lang='grc' dir='ltr'><strong><em>Ε,</em></strong></span> <span class='ocrx_word' id='word_1_109' title='bbox 809 1072 987 1138; x_wconf 79' lang='grc' dir='ltr'><strong><em>οὕτως</em></strong></span> <span class='ocrx_word' id='word_1_110' title='bbox 1027 1069 1056 1127; x_wconf 92' lang='lat'><em>6</em></span> <span class='ocrx_word' id='word_1_111' title='bbox 1096 1077 1151 1127; x_wconf 92' lang='grc' dir='ltr'>Γ</span> <span class='ocrx_word' id='word_1_112' title='bbox 1182 1072 1321 1144; x_wconf 88' lang='grc' dir='ltr'><strong><em>πρὸς</em></strong></span> <span class='ocrx_word' id='word_1_113' title='bbox 1358 1071 1459 1128; x_wconf 90' lang='grc' dir='ltr'><strong><em>τὸν</em></strong></span> <span class='ocrx_word' id='word_1_114' title='bbox 1496 1080 1565 1130; x_wconf 91' lang='grc' dir='ltr'><strong><em>Δ.</em></strong></span> <span class='ocrx_word' id='word_1_115' title='bbox 1635 1082 1821 1145; x_wconf 78' lang='grc' dir='ltr'><strong><em>μετρεῖ</em></strong></span> <span class='ocrx_word' id='word_1_116' title='bbox 1858 1072 1922 1128; x_wconf 74' lang='grc' dir='ltr'><strong><em>δὲ</em></strong></span> 
     </span>
     <span class='ocr_line' id='line_1_16' title="bbox 222 1158 1920 1234; baseline -0.001 -17"><span class='ocrx_word' id='word_1_117' title='bbox 222 1159 252 1217; x_wconf 92' lang='lat'><em>6</em></span> <span class='ocrx_word' id='word_1_118' title='bbox 302 1167 348 1216; x_wconf 91' lang='lat' dir='ltr'><em>B</em></span> <span class='ocrx_word' id='word_1_119' title='bbox 399 1160 501 1217; x_wconf 91' lang='grc' dir='ltr'><strong><em>τὸν</em></strong></span> <span class='ocrx_word' id='word_1_120' title='bbox 550 1167 619 1216; x_wconf 91' lang='grc' dir='ltr'><strong><em>Ε·</em></strong></span> <span class='ocrx_word' id='word_1_121' title='bbox 683 1172 871 1233; x_wconf 80' lang='grc' dir='ltr'><strong><em>μετρεῖ</em></strong></span> <span class='ocrx_word' id='word_1_122' title='bbox 914 1159 1025 1234; x_wconf 73' lang='grc' dir='ltr'><strong><em>ἄρα</em></strong></span> <span class='ocrx_word' id='word_1_123' title='bbox 1070 1159 1162 1215; x_wconf 82' lang='grc' dir='ltr'><strong><em>καὶ</em></strong></span> <span class='ocrx_word' id='word_1_124' title='bbox 1211 1158 1241 1216; x_wconf 94' lang='lat'><em>6</em></span> <span class='ocrx_word' id='word_1_125' title='bbox 1293 1165 1345 1215; x_wconf 94' lang='grc' dir='ltr'><em>Γ</em></span> <span class='ocrx_word' id='word_1_126' title='bbox 1385 1160 1486 1216; x_wconf 89' lang='grc' dir='ltr'><strong><em>τὸν</em></strong></span> <span class='ocrx_word' id='word_1_127' title='bbox 1535 1167 1589 1215; x_wconf 97' lang='lat' dir='ltr'><em>A</em></span> <span class='ocrx_word' id='word_1_128' title='bbox 1642 1159 1672 1216; x_wconf 92' lang='lat'><em>6</em></span> <span class='ocrx_word' id='word_1_129' title='bbox 1719 1166 1920 1232; x_wconf 82' lang='grc' dir='ltr'><strong><em>μείζων</em></strong></span> 
     </span>
     <span class='ocr_line' id='line_1_17' title="bbox 219 1246 1919 1322; baseline -0.001 -18"><span class='ocrx_word' id='word_1_130' title='bbox 219 1248 322 1306; x_wconf 88' lang='grc' dir='ltr'><strong><em>τὸν</em></strong></span> <span class='ocrx_word' id='word_1_131' title='bbox 363 1250 662 1306; x_wconf 82' lang='grc' dir='ltr'><strong><em>ἐλάσσονα·</em></strong></span> <span class='ocrx_word' id='word_1_132' title='bbox 726 1250 862 1322; x_wconf 83' lang='grc' dir='ltr'><strong><em>ὅπερ</em></strong></span> <span class='ocrx_word' id='word_1_133' title='bbox 904 1249 1055 1305; x_wconf 80' lang='grc' dir='ltr'><strong><em>ἐστὶν</em></strong></span> <span class='ocrx_word' id='word_1_134' title='bbox 1094 1246 1396 1305; x_wconf 82' lang='grc' dir='ltr'><strong><em>ἀδύνατον.</em></strong></span> <span class='ocrx_word' id='word_1_135' title='bbox 1469 1247 1571 1304; x_wconf 80' lang='grc' dir='ltr'><strong><em>οὐκ</em></strong></span> <span class='ocrx_word' id='word_1_136' title='bbox 1612 1247 1721 1321; x_wconf 75' lang='grc' dir='ltr'><strong><em>ἄρα</em></strong></span> <span class='ocrx_word' id='word_1_137' title='bbox 1761 1251 1819 1304; x_wconf 81' lang='lat' dir='ltr'><strong><em>oc</em></strong></span> <span class='ocrx_word' id='word_1_138' title='bbox 1848 1256 1919 1319; x_wconf 91' lang='lat' dir='ltr'><em>A,</em></span> 
     </span>
     <span class='ocr_line' id='line_1_18' title="bbox 219 1334 1927 1411; baseline -0.001 -17"><span class='ocrx_word' id='word_1_139' title='bbox 219 1344 267 1393; x_wconf 89' lang='grc' dir='ltr'><strong><em>Β</em></strong></span> <span class='ocrx_word' id='word_1_140' title='bbox 308 1341 579 1411; x_wconf 84' lang='grc' dir='ltr'><strong><em>μετροῦσί</em></strong></span> <span class='ocrx_word' id='word_1_141' title='bbox 612 1359 738 1393; x_wconf 89' lang='grc' dir='ltr'><strong><em>τινα</em></strong></span> <span class='ocrx_word' id='word_1_142' title='bbox 780 1335 1030 1410; x_wconf 81' lang='grc' dir='ltr'><strong><em>ἀριθμὸν</em></strong></span> <span class='ocrx_word' id='word_1_143' title='bbox 1071 1337 1349 1394; x_wconf 81' lang='grc' dir='ltr'><strong><em>ἐλάσσονα</em></strong></span> <span class='ocrx_word' id='word_1_144' title='bbox 1390 1336 1527 1394; x_wconf 79' lang='grc' dir='ltr'><strong><em>ὄντα</em></strong></span> <span class='ocrx_word' id='word_1_145' title='bbox 1558 1340 1660 1393; x_wconf 86' lang='grc' dir='ltr'><strong><em>τοῦ</em></strong></span> <span class='ocrx_word' id='word_1_146' title='bbox 1693 1341 1752 1393; x_wconf 93' lang='grc' dir='ltr'><strong><em>Γ.</em></strong></span> <span class='ocrx_word' id='word_1_147' title='bbox 1809 1334 1838 1392; x_wconf 92' lang='lat'><em>6</em></span> <span class='ocrx_word' id='word_1_148' title='bbox 1873 1342 1927 1393; x_wconf 91' lang='grc' dir='ltr'>Γ</span> 
     </span>
     <span class='ocr_line' id='line_1_19' title="bbox 220 1423 1603 1499; baseline 0 -17"><span class='ocrx_word' id='word_1_149' title='bbox 220 1427 330 1499; x_wconf 75' lang='grc' dir='ltr'><strong><em>ἄρα</em></strong></span> <span class='ocrx_word' id='word_1_150' title='bbox 371 1427 655 1499; x_wconf 74' lang='grc' dir='ltr'><strong><em>ἐλάχιστος</em></strong></span> <span class='ocrx_word' id='word_1_151' title='bbox 695 1423 776 1483; x_wconf 67' lang='grc' dir='ltr'><strong><em>ὢν</em></strong></span> <span class='ocrx_word' id='word_1_152' title='bbox 815 1424 926 1482; x_wconf 78' lang='grc' dir='ltr'><strong><em>ὑπὸ</em></strong></span> <span class='ocrx_word' id='word_1_153' title='bbox 966 1430 1081 1482; x_wconf 77' lang='grc' dir='ltr'><strong><em>τῶν</em></strong></span> <span class='ocrx_word' id='word_1_154' title='bbox 1120 1435 1191 1497; x_wconf 92' lang='lat' dir='ltr'><em>A,</em></span> <span class='ocrx_word' id='word_1_155' title='bbox 1231 1433 1278 1482; x_wconf 90' lang='grc' dir='ltr'><strong><em>Β</em></strong></span> <span class='ocrx_word' id='word_1_156' title='bbox 1311 1438 1603 1499; x_wconf 85' lang='grc' dir='ltr'><strong><em>μετρεῖται.</em></strong></span> 
     </span>
    </p>

    <p class='ocr_par' dir='ltr' id='par_1_7' title="bbox 216 1511 1918 2644">
     <span class='ocr_line' id='line_1_20' title="bbox 333 1511 1918 1587; baseline -0.001 -17"><span class='ocrx_word' id='word_1_157' title='bbox 333 1513 434 1586; x_wconf 82' lang='grc' dir='ltr'><strong><em>Μὴ</em></strong></span> <span class='ocrx_word' id='word_1_158' title='bbox 482 1519 730 1571; x_wconf 84' lang='grc' dir='ltr'><strong><em>ἔστωσαν</em></strong></span> <span class='ocrx_word' id='word_1_159' title='bbox 777 1513 846 1585; x_wconf 80' lang='grc' dir='ltr'><strong><em>δὴ</em></strong></span> <span class='ocrx_word' id='word_1_160' title='bbox 898 1516 956 1570; x_wconf 81' lang='grc' dir='ltr'><strong><em>οἰ</em></strong></span> <span class='ocrx_word' id='word_1_161' title='bbox 991 1522 1069 1585; x_wconf 92' lang='lat' dir='ltr'><em>A,</em></span> <span class='ocrx_word' id='word_1_162' title='bbox 1110 1520 1157 1569; x_wconf 92' lang='grc' dir='ltr'><strong><em>Β</em></strong></span> <span class='ocrx_word' id='word_1_163' title='bbox 1195 1516 1407 1587; x_wconf 77' lang='grc' dir='ltr'><strong><em>πρῶτοι</em></strong></span> <span class='ocrx_word' id='word_1_164' title='bbox 1445 1513 1584 1586; x_wconf 88' lang='grc' dir='ltr'><strong><em>πρὸς</em></strong></span> <span class='ocrx_word' id='word_1_165' title='bbox 1623 1511 1918 1584; x_wconf 74' lang='grc' dir='ltr'><strong><em>ἀλλήλους,</em></strong></span> 
     </span>
     <span class='ocr_line' id='line_1_21' title="bbox 218 1599 1917 1675; baseline -0.002 -16"><span class='ocrx_word' id='word_1_166' title='bbox 218 1603 312 1659; x_wconf 83' lang='grc' dir='ltr'><strong><em>καὶ</em></strong></span> <span class='ocrx_word' id='word_1_167' title='bbox 351 1602 718 1675; x_wconf 83' lang='grc' dir='ltr'><strong><em>εἰλήφθωσαν</em></strong></span> <span class='ocrx_word' id='word_1_168' title='bbox 759 1603 1036 1674; x_wconf 81' lang='grc' dir='ltr'><strong><em>ἐλάχιστοι</em></strong></span> <span class='ocrx_word' id='word_1_169' title='bbox 1076 1601 1310 1675; x_wconf 81' lang='grc' dir='ltr'><strong><em>ἀριθμοὶ</em></strong></span> <span class='ocrx_word' id='word_1_170' title='bbox 1340 1611 1454 1658; x_wconf 78' lang='grc' dir='ltr'><strong><em>τῶν</em></strong></span> <span class='ocrx_word' id='word_1_171' title='bbox 1485 1601 1585 1658; x_wconf 92' lang='grc' dir='ltr'><strong><em>τὸν</em></strong></span> <span class='ocrx_word' id='word_1_172' title='bbox 1618 1599 1793 1657; x_wconf 82' lang='grc' dir='ltr'><strong><em>αὐτὸν</em></strong></span> <span class='ocrx_word' id='word_1_173' title='bbox 1825 1601 1917 1656; x_wconf 91' lang='grc' dir='ltr'><strong><em>λό-</em></strong></span> 
     </span>
     <span class='ocr_line' id='line_1_22' title="bbox 218 1688 1917 1764; baseline -0.001 -17"><span class='ocrx_word' id='word_1_174' title='bbox 218 1714 324 1763; x_wconf 76' lang='grc' dir='ltr'><strong><em>γον</em></strong></span> <span class='ocrx_word' id='word_1_175' title='bbox 373 1693 618 1764; x_wconf 84' lang='grc' dir='ltr'><strong><em>ἐχόντων</em></strong></span> <span class='ocrx_word' id='word_1_176' title='bbox 665 1702 782 1756; x_wconf 87' lang='grc' dir='ltr'><strong><em>τοῖς</em></strong></span> <span class='ocrx_word' id='word_1_177' title='bbox 819 1698 897 1761; x_wconf 91' lang='lat' dir='ltr'><em>A,</em></span> <span class='ocrx_word' id='word_1_178' title='bbox 938 1697 984 1746; x_wconf 94' lang='grc' dir='ltr'><strong><em>Β</em></strong></span> <span class='ocrx_word' id='word_1_179' title='bbox 1026 1694 1084 1747; x_wconf 82' lang='lat' dir='ltr'><strong><em>oc</em></strong></span> <span class='ocrx_word' id='word_1_180' title='bbox 1121 1697 1193 1762; x_wconf 90' lang='grc' dir='ltr'><strong><em>Ζ,</em></strong></span> <span class='ocrx_word' id='word_1_181' title='bbox 1233 1697 1304 1746; x_wconf 90' lang='grc' dir='ltr'><strong><em>Ε·</em></strong></span> <span class='ocrx_word' id='word_1_182' title='bbox 1368 1698 1489 1757; x_wconf 79' lang='grc' dir='ltr'><strong><em>ἴσος</em></strong></span> <span class='ocrx_word' id='word_1_183' title='bbox 1534 1689 1645 1763; x_wconf 76' lang='grc' dir='ltr'><strong><em>ἄρα</em></strong></span> <span class='ocrx_word' id='word_1_184' title='bbox 1693 1690 1846 1746; x_wconf 81' lang='grc' dir='ltr'><strong><em>ἐστὶν</em></strong></span> <span class='ocrx_word' id='word_1_185' title='bbox 1888 1688 1917 1746; x_wconf 93' lang='lat'><em>6</em></span> 
     </span>
     <span class='ocr_line' id='line_1_23' title="bbox 220 1777 1918 1855; baseline -0.001 -20"><span class='ocrx_word' id='word_1_186' title='bbox 220 1782 280 1836; x_wconf 80' lang='grc' dir='ltr'><strong><em>ἐκ</em></strong></span> <span class='ocrx_word' id='word_1_187' title='bbox 317 1783 431 1836; x_wconf 79' lang='grc' dir='ltr'><strong><em>τῶν</em></strong></span> <span class='ocrx_word' id='word_1_188' title='bbox 470 1787 542 1851; x_wconf 91' lang='lat' dir='ltr'><strong><em>A,</em></strong></span> <span class='ocrx_word' id='word_1_189' title='bbox 583 1786 636 1835; x_wconf 89' lang='lat' dir='ltr'><em>E</em></span> <span class='ocrx_word' id='word_1_190' title='bbox 670 1783 745 1855; x_wconf 78' lang='grc' dir='ltr'><strong><em>τῷ</em></strong></span> <span class='ocrx_word' id='word_1_191' title='bbox 788 1781 846 1835; x_wconf 84' lang='grc' dir='ltr'><strong><em>ἐκ</em></strong></span> <span class='ocrx_word' id='word_1_192' title='bbox 876 1782 990 1835; x_wconf 76' lang='grc' dir='ltr'><strong><em>τῶν</em></strong></span> <span class='ocrx_word' id='word_1_193' title='bbox 1021 1786 1087 1850; x_wconf 91' lang='grc' dir='ltr'><strong><em>Β,</em></strong></span> <span class='ocrx_word' id='word_1_194' title='bbox 1114 1786 1174 1835; x_wconf 92' lang='grc' dir='ltr'><strong><em>Ζ.</em></strong></span> <span class='ocrx_word' id='word_1_195' title='bbox 1230 1779 1324 1834; x_wconf 84' lang='grc' dir='ltr'><strong><em>καὶ</em></strong></span> <span class='ocrx_word' id='word_1_196' title='bbox 1357 1777 1387 1835; x_wconf 94' lang='lat'><em>6</em></span> <span class='ocrx_word' id='word_1_197' title='bbox 1420 1786 1473 1833; x_wconf 93' lang='lat' dir='ltr'><em>A</em></span> <span class='ocrx_word' id='word_1_198' title='bbox 1502 1777 1603 1834; x_wconf 86' lang='grc' dir='ltr'><strong><em>τὸν</em></strong></span> <span class='ocrx_word' id='word_1_199' title='bbox 1638 1785 1689 1834; x_wconf 90' lang='grc' dir='ltr'><em>Ε</em></span> <span class='ocrx_word' id='word_1_200' title='bbox 1717 1785 1918 1835; x_wconf 88' lang='grc' dir='ltr'><strong><em>πολλα-</em></strong></span> 
     </span>
     <span class='ocr_line' id='line_1_24' title="bbox 219 1865 1918 1938; baseline -0.002 -14"><span class='ocrx_word' id='word_1_201' title='bbox 219 1867 528 1934; x_wconf 89' lang='grc' dir='ltr'><strong><em>πλασιάσας</em></strong></span> <span class='ocrx_word' id='word_1_202' title='bbox 566 1867 667 1924; x_wconf 90' lang='grc' dir='ltr'><strong><em>τὸν</em></strong></span> <span class='ocrx_word' id='word_1_203' title='bbox 691 1873 744 1923; x_wconf 96' lang='grc' dir='ltr'>Γ</span> <span class='ocrx_word' id='word_1_204' title='bbox 776 1873 1023 1923; x_wconf 83' lang='grc' dir='ltr'><strong><em>ποιείτω·</em></strong></span> <span class='ocrx_word' id='word_1_205' title='bbox 1077 1867 1170 1922; x_wconf 85' lang='grc' dir='ltr'><strong><em>καὶ</em></strong></span> <span class='ocrx_word' id='word_1_206' title='bbox 1211 1865 1241 1923; x_wconf 93' lang='lat'><em>6</em></span> <span class='ocrx_word' id='word_1_207' title='bbox 1273 1873 1320 1922; x_wconf 91' lang='grc' dir='ltr'><strong><em>Β</em></strong></span> <span class='ocrx_word' id='word_1_208' title='bbox 1361 1865 1472 1938; x_wconf 74' lang='grc' dir='ltr'><strong><em>ἄρα</em></strong></span> <span class='ocrx_word' id='word_1_209' title='bbox 1509 1866 1609 1922; x_wconf 87' lang='grc' dir='ltr'><strong><em>τὸν</em></strong></span> <span class='ocrx_word' id='word_1_210' title='bbox 1636 1873 1681 1921; x_wconf 93' lang='grc' dir='ltr'>Ζ</span> <span class='ocrx_word' id='word_1_211' title='bbox 1719 1873 1918 1922; x_wconf 89' lang='grc' dir='ltr'><strong><em>πολλα-</em></strong></span> 
     </span>
     <span class='ocr_line' id='line_1_25' title="bbox 222 1953 1917 2027; baseline -0.001 -14"><span class='ocrx_word' id='word_1_212' title='bbox 222 1957 531 2023; x_wconf 89' lang='grc' dir='ltr'><strong><em>πλασιάσας</em></strong></span> <span class='ocrx_word' id='word_1_213' title='bbox 569 1955 669 2013; x_wconf 90' lang='grc' dir='ltr'><strong><em>τὸν</em></strong></span> <span class='ocrx_word' id='word_1_214' title='bbox 709 1962 763 2012; x_wconf 95' lang='grc' dir='ltr'>Γ</span> <span class='ocrx_word' id='word_1_215' title='bbox 793 1961 1112 2027; x_wconf 85' lang='grc' dir='ltr'><strong><em>πεποίηκεν·</em></strong></span> <span class='ocrx_word' id='word_1_216' title='bbox 1169 1958 1227 2012; x_wconf 73' lang='grc' dir='ltr'><strong><em>οἱ</em></strong></span> <span class='ocrx_word' id='word_1_217' title='bbox 1261 1962 1334 2026; x_wconf 91' lang='lat' dir='ltr'><strong><em>A,</em></strong></span> <span class='ocrx_word' id='word_1_218' title='bbox 1374 1961 1420 2010; x_wconf 91' lang='grc' dir='ltr'><strong><em>Β</em></strong></span> <span class='ocrx_word' id='word_1_219' title='bbox 1460 1953 1569 2027; x_wconf 72' lang='grc' dir='ltr'><strong><em>ἄρα</em></strong></span> <span class='ocrx_word' id='word_1_220' title='bbox 1608 1953 1708 2010; x_wconf 90' lang='grc' dir='ltr'><strong><em>τὸν</em></strong></span> <span class='ocrx_word' id='word_1_221' title='bbox 1744 1960 1797 2010; x_wconf 94' lang='grc' dir='ltr'>Γ</span> <span class='ocrx_word' id='word_1_222' title='bbox 1829 1977 1917 2025; x_wconf 87' lang='grc' dir='ltr'><strong><em>με·</em></strong></span> 
     </span>
     <span class='ocr_line' id='line_1_26' title="bbox 218 2042 1916 2119; baseline -0.002 -18"><span class='ocrx_word' id='word_1_223' title='bbox 218 2050 467 2119; x_wconf 87' lang='grc' dir='ltr'><strong><em>τροῦσιν.</em></strong></span> <span class='ocrx_word' id='word_1_224' title='bbox 546 2045 685 2116; x_wconf 78' lang='grc' dir='ltr'><strong><em>λέγω</em></strong></span> <span class='ocrx_word' id='word_1_225' title='bbox 742 2045 839 2116; x_wconf 82' lang='grc' dir='ltr'><strong><em>δή,</em></strong></span> <span class='ocrx_word' id='word_1_226' title='bbox 896 2045 981 2100; x_wconf 82' lang='grc' dir='ltr'><strong><em>ὅτι</em></strong></span> <span class='ocrx_word' id='word_1_227' title='bbox 1035 2045 1128 2100; x_wconf 80' lang='grc' dir='ltr'><strong><em>καὶ</em></strong></span> <span class='ocrx_word' id='word_1_228' title='bbox 1184 2046 1487 2116; x_wconf 84' lang='grc' dir='ltr'><strong><em>ἐλάχιστον.</em></strong></span> <span class='ocrx_word' id='word_1_229' title='bbox 1559 2047 1610 2098; x_wconf 87' lang='grc' dir='ltr'><strong><em>εἰ</em></strong></span> <span class='ocrx_word' id='word_1_230' title='bbox 1663 2042 1769 2115; x_wconf 78' lang='grc' dir='ltr'><strong><em>γὰρ</em></strong></span> <span class='ocrx_word' id='word_1_231' title='bbox 1822 2044 1916 2115; x_wconf 87' lang='grc' dir='ltr'><strong><em>μή,</em></strong></span> 
     </span>
     <span class='ocr_line' id='line_1_27' title="bbox 218 2130 1917 2206; baseline -0.002 -16"><span class='ocrx_word' id='word_1_232' title='bbox 218 2135 562 2206; x_wconf 86' lang='grc' dir='ltr'><strong><em>μετρήσουσί</em></strong></span> <span class='ocrx_word' id='word_1_233' title='bbox 587 2154 713 2188; x_wconf 90' lang='grc' dir='ltr'><strong><em>τινα</em></strong></span> <span class='ocrx_word' id='word_1_234' title='bbox 746 2130 994 2204; x_wconf 84' lang='grc' dir='ltr'><strong><em>ἀριθμὸν</em></strong></span> <span class='ocrx_word' id='word_1_235' title='bbox 1021 2134 1079 2188; x_wconf 77' lang='grc' dir='ltr'><strong><em>οἱ</em></strong></span> <span class='ocrx_word' id='word_1_236' title='bbox 1098 2139 1170 2202; x_wconf 90' lang='grc' dir='ltr'><strong><em>Λ,</em></strong></span> <span class='ocrx_word' id='word_1_237' title='bbox 1194 2138 1240 2187; x_wconf 92' lang='grc' dir='ltr'><strong><em>Β</em></strong></span> <span class='ocrx_word' id='word_1_238' title='bbox 1270 2131 1546 2187; x_wconf 82' lang='grc' dir='ltr'><strong><em>ἐλάσσονα</em></strong></span> <span class='ocrx_word' id='word_1_239' title='bbox 1571 2130 1706 2187; x_wconf 84' lang='grc' dir='ltr'><strong><em>ὅντα</em></strong></span> <span class='ocrx_word' id='word_1_240' title='bbox 1730 2134 1834 2186; x_wconf 84' lang='grc' dir='ltr'><strong><em>τοῦ</em></strong></span> <span class='ocrx_word' id='word_1_241' title='bbox 1856 2136 1917 2187; x_wconf 90' lang='grc' dir='ltr'><strong><em>Γ.</em></strong></span> 
     </span>
     <span class='ocr_line' id='line_1_28' title="bbox 218 2217 1916 2296; baseline -0.002 -18"><span class='ocrx_word' id='word_1_242' title='bbox 218 2227 592 2296; x_wconf 87' lang='grc' dir='ltr'><strong><em>μετρείτωσαν</em></strong></span> <span class='ocrx_word' id='word_1_243' title='bbox 638 2221 738 2277; x_wconf 89' lang='grc' dir='ltr'><strong><em>τὸν</em></strong></span> <span class='ocrx_word' id='word_1_244' title='bbox 778 2228 849 2277; x_wconf 91' lang='grc' dir='ltr'><strong><em>Δ.</em></strong></span> <span class='ocrx_word' id='word_1_245' title='bbox 916 2220 1010 2276; x_wconf 85' lang='grc' dir='ltr'><strong><em>καὶ</em></strong></span> <span class='ocrx_word' id='word_1_246' title='bbox 1057 2218 1250 2286; x_wconf 81' lang='grc' dir='ltr'><strong><em>ὁσάκις</em></strong></span> <span class='ocrx_word' id='word_1_247' title='bbox 1287 2220 1390 2292; x_wconf 75' lang='grc' dir='ltr'><strong><em>μὲν</em></strong></span> <span class='ocrx_word' id='word_1_248' title='bbox 1429 2217 1459 2276; x_wconf 92' lang='lat'><em>6</em></span> <span class='ocrx_word' id='word_1_249' title='bbox 1499 2227 1552 2275; x_wconf 95' lang='lat' dir='ltr'><em>A</em></span> <span class='ocrx_word' id='word_1_250' title='bbox 1589 2219 1691 2275; x_wconf 91' lang='grc' dir='ltr'><strong><em>τὸν</em></strong></span> <span class='ocrx_word' id='word_1_251' title='bbox 1732 2226 1787 2274; x_wconf 95' lang='lat' dir='ltr'><em>A</em></span> <span class='ocrx_word' id='word_1_252' title='bbox 1826 2241 1916 2290; x_wconf 88' lang='grc' dir='ltr'><strong><em>με-</em></strong></span> 
     </span>
     <span class='ocr_line' id='line_1_29' title="bbox 216 2305 1918 2384; baseline -0.002 -17"><span class='ocrx_word' id='word_1_253' title='bbox 216 2322 360 2384; x_wconf 90' lang='grc' dir='ltr'><strong><em>τρεῖ,</em></strong></span> <span class='ocrx_word' id='word_1_254' title='bbox 399 2314 668 2367; x_wconf 85' lang='grc' dir='ltr'><strong><em>τοσαῦται</em></strong></span> <span class='ocrx_word' id='word_1_255' title='bbox 708 2310 950 2381; x_wconf 85' lang='grc' dir='ltr'><strong><em>μονάδες</em></strong></span> <span class='ocrx_word' id='word_1_256' title='bbox 989 2313 1238 2365; x_wconf 86' lang='grc' dir='ltr'><strong><em>ἔστωσαν</em></strong></span> <span class='ocrx_word' id='word_1_257' title='bbox 1278 2311 1339 2365; x_wconf 83' lang='grc' dir='ltr'><strong><em>ἐν</em></strong></span> <span class='ocrx_word' id='word_1_258' title='bbox 1377 2312 1452 2383; x_wconf 80' lang='grc' dir='ltr'><strong><em>τῷ</em></strong></span> <span class='ocrx_word' id='word_1_259' title='bbox 1492 2314 1574 2379; x_wconf 91' lang='grc' dir='ltr'><strong><em>Η,</em></strong></span> <span class='ocrx_word' id='word_1_260' title='bbox 1623 2305 1816 2374; x_wconf 82' lang='grc' dir='ltr'><strong><em>ὁσάκις</em></strong></span> <span class='ocrx_word' id='word_1_261' title='bbox 1856 2308 1918 2364; x_wconf 75' lang='grc' dir='ltr'><strong><em>δὲ</em></strong></span> 
     </span>
     <span class='ocr_line' id='line_1_30' title="bbox 219 2396 1914 2472; baseline -0.001 -17"><span class='ocrx_word' id='word_1_262' title='bbox 219 2397 248 2456; x_wconf 94' lang='lat'><em>6</em></span> <span class='ocrx_word' id='word_1_263' title='bbox 274 2406 322 2455; x_wconf 92' lang='lat' dir='ltr'><em>B</em></span> <span class='ocrx_word' id='word_1_264' title='bbox 354 2399 456 2455; x_wconf 87' lang='grc' dir='ltr'><strong><em>τὸν</em></strong></span> <span class='ocrx_word' id='word_1_265' title='bbox 489 2406 545 2454; x_wconf 98' lang='lat' dir='ltr'><em>A</em></span> <span class='ocrx_word' id='word_1_266' title='bbox 576 2410 778 2471; x_wconf 88' lang='grc' dir='ltr'><strong><em>μετρεῖ,</em></strong></span> <span class='ocrx_word' id='word_1_267' title='bbox 816 2401 1084 2455; x_wconf 83' lang='grc' dir='ltr'><strong><em>τοσαῦται</em></strong></span> <span class='ocrx_word' id='word_1_268' title='bbox 1115 2396 1356 2470; x_wconf 78' lang='grc' dir='ltr'><strong><em>μονάδες</em></strong></span> <span class='ocrx_word' id='word_1_269' title='bbox 1387 2401 1634 2452; x_wconf 82' lang='grc' dir='ltr'><strong><em>ἔστωσαν</em></strong></span> <span class='ocrx_word' id='word_1_270' title='bbox 1661 2397 1721 2451; x_wconf 81' lang='grc' dir='ltr'><strong><em>ἐν</em></strong></span> <span class='ocrx_word' id='word_1_271' title='bbox 1744 2399 1819 2472; x_wconf 79' lang='grc' dir='ltr'><strong><em>τῷ</em></strong></span> <span class='ocrx_word' id='word_1_272' title='bbox 1853 2403 1914 2453; x_wconf 84' lang='grc' dir='ltr'><strong><em>Θ.</em></strong></span> 
     </span>
     <span class='ocr_line' id='line_1_31' title="bbox 218 2483 1914 2561; baseline -0.002 -17"><span class='ocrx_word' id='word_1_273' title='bbox 218 2486 247 2544; x_wconf 92' lang='lat'><em>6</em></span> <span class='ocrx_word' id='word_1_274' title='bbox 290 2487 392 2559; x_wconf 74' lang='grc' dir='ltr'><strong><em>μὲν</em></strong></span> <span class='ocrx_word' id='word_1_275' title='bbox 417 2495 470 2543; x_wconf 91' lang='lat' dir='ltr'><em>A</em></span> <span class='ocrx_word' id='word_1_276' title='bbox 509 2487 620 2561; x_wconf 76' lang='grc' dir='ltr'><strong><em>ἄρα</em></strong></span> <span class='ocrx_word' id='word_1_277' title='bbox 650 2487 753 2543; x_wconf 89' lang='grc' dir='ltr'><strong><em>τὸν</em></strong></span> <span class='ocrx_word' id='word_1_278' title='bbox 776 2493 842 2543; x_wconf 93' lang='grc' dir='ltr'><strong><em>Η</em></strong></span> <span class='ocrx_word' id='word_1_279' title='bbox 865 2485 1356 2551; x_wconf 88' lang='grc' dir='ltr'><strong><em>πολλαπλασιάσας</em></strong></span> <span class='ocrx_word' id='word_1_280' title='bbox 1384 2483 1486 2541; x_wconf 91' lang='grc' dir='ltr'><strong><em>τὸν</em></strong></span> <span class='ocrx_word' id='word_1_281' title='bbox 1514 2492 1566 2539; x_wconf 98' lang='lat' dir='ltr'><em>A</em></span> <span class='ocrx_word' id='word_1_282' title='bbox 1595 2489 1914 2556; x_wconf 83' lang='grc' dir='ltr'><strong><em>πεποίηκεν,</em></strong></span> 
     </span>
     <span class='ocr_line' id='line_1_32' title="bbox 218 2573 1915 2644; baseline -0.002 -11"><span class='ocrx_word' id='word_1_283' title='bbox 218 2575 248 2634; x_wconf 94' lang='lat'><em>6</em></span> <span class='ocrx_word' id='word_1_284' title='bbox 290 2577 353 2633; x_wconf 75' lang='grc' dir='ltr'><strong><em>δὲ</em></strong></span> <span class='ocrx_word' id='word_1_285' title='bbox 384 2583 431 2632; x_wconf 91' lang='grc' dir='ltr'><strong><em>Β</em></strong></span> <span class='ocrx_word' id='word_1_286' title='bbox 463 2576 566 2632; x_wconf 87' lang='grc' dir='ltr'><strong><em>τὸν</em></strong></span> <span class='ocrx_word' id='word_1_287' title='bbox 598 2583 645 2632; x_wconf 83' lang='grc' dir='ltr'>Θ</span> <span class='ocrx_word' id='word_1_288' title='bbox 683 2576 1172 2641; x_wconf 89' lang='grc' dir='ltr'><strong><em>πολλαπλασιάσας</em></strong></span> <span class='ocrx_word' id='word_1_289' title='bbox 1201 2573 1302 2630; x_wconf 89' lang='grc' dir='ltr'><strong><em>τὸν</em></strong></span> <span class='ocrx_word' id='word_1_290' title='bbox 1335 2581 1390 2628; x_wconf 97' lang='lat' dir='ltr'><em>A</em></span> <span class='ocrx_word' id='word_1_291' title='bbox 1419 2578 1730 2644; x_wconf 85' lang='grc' dir='ltr'><strong><em>πεποίηκεν.</em></strong></span> <span class='ocrx_word' id='word_1_292' title='bbox 1794 2581 1915 2639; x_wconf 74' lang='grc' dir='ltr'><strong><em>ἴσος</em></strong></span> 
     </span>
    </p>
   </div>
   <div class='ocr_carea' id='block_1_7' title="bbox 219 2700 576 2705">
    <p class='ocr_par' dir='ltr' id='par_1_8' title="bbox 219 2700 576 2705">
     <span class='ocr_line' id='line_1_33' title="bbox 219 2700 576 2705; baseline 0 0"><span class='ocrx_word' id='word_1_293' title='bbox 219 2700 576 2705; x_wconf 95' lang='lat' dir='ltr'><strong><em> </em></strong></span> 
     </span>
    </p>
   </div>
   <div class='ocr_carea' id='block_1_8' title="bbox 219 2749 1918 2988">
    <p class='ocr_par' dir='ltr' id='par_1_9' title="bbox 219 2749 1918 2988">
     <span class='ocr_line' id='line_1_34' title="bbox 341 2749 1912 2824; baseline -0.003 -26"><span class='ocrx_word' id='word_1_294' title='bbox 341 2759 381 2798; x_wconf 91' lang='grc'><strong><em>3.</em></strong></span> <span class='ocrx_word' id='word_1_295' title='bbox 415 2753 482 2812; x_wconf 88' lang='lat' dir='ltr'><strong><em>A]</em></strong></span> <span class='ocrx_word' id='word_1_296' title='bbox 516 2753 680 2810; x_wconf 81' lang='lat' dir='ltr'>(prius)</span> <span class='ocrx_word' id='word_1_297' title='bbox 714 2767 829 2798; x_wconf 83' lang='lat' dir='ltr'>corr.</span> <span class='ocrx_word' id='word_1_298' title='bbox 864 2767 919 2798; x_wconf 84' lang='lat' dir='ltr'><strong><em>ex</em></strong></span> <span class='ocrx_word' id='word_1_299' title='bbox 951 2757 993 2796; x_wconf 87' lang='lat' dir='ltr'><em>A</em></span> <span class='ocrx_word' id='word_1_300' title='bbox 1023 2753 1079 2797; x_wconf 90' lang='lat' dir='ltr'><strong><em>V.</em></strong></span> <span class='ocrx_word' id='word_1_301' title='bbox 1173 2755 1212 2796; x_wconf 84' lang='lat'><strong><em>5.</em></strong></span> <span class='ocrx_word' id='word_1_302' title='bbox 1247 2751 1493 2818; x_wconf 76' lang='grc' dir='ltr'><strong><em>μετροῦσιν</em></strong></span> <span class='ocrx_word' id='word_1_303' title='bbox 1526 2749 1577 2795; x_wconf 93' lang='grc' dir='ltr'><strong><em>Β.</em></strong></span> <span class='ocrx_word' id='word_1_304' title='bbox 1672 2755 1712 2795; x_wconf 86' lang='grc'><strong><em>9.</em></strong></span> <span class='ocrx_word' id='word_1_305' title='bbox 1748 2753 1800 2804; x_wconf 88' lang='grc' dir='ltr'><strong><em>Γ,</em></strong></span> <span class='ocrx_word' id='word_1_306' title='bbox 1842 2750 1912 2824; x_wconf 79' lang='lat' dir='ltr'><em>A]</em></span> 
     </span>
     <span class='ocr_line' id='line_1_35' title="bbox 220 2805 1911 2871; baseline -0.002 -13"><span class='ocrx_word' id='word_1_307' title='bbox 220 2817 264 2858; x_wconf 91' lang='grc' dir='ltr'>Γ</span> <span class='ocrx_word' id='word_1_308' title='bbox 290 2815 461 2871; x_wconf 79' lang='lat' dir='ltr'>postea</span> <span class='ocrx_word' id='word_1_309' title='bbox 501 2813 662 2856; x_wconf 72' lang='lat' dir='ltr'><strong>insert.</strong></span> <span class='ocrx_word' id='word_1_310' title='bbox 695 2827 756 2856; x_wconf 90' lang='lat' dir='ltr'><strong><em>m.</em></strong></span> <span class='ocrx_word' id='word_1_311' title='bbox 806 2818 829 2855; x_wconf 90' lang='lat'>1</span> <span class='ocrx_word' id='word_1_312' title='bbox 870 2827 922 2869; x_wconf 89' lang='lat' dir='ltr'><strong><em>p,</em></strong></span> <span class='ocrx_word' id='word_1_313' title='bbox 962 2813 1070 2869; x_wconf 71' lang='lat' dir='ltr'>post</span> <span class='ocrx_word' id='word_1_314' title='bbox 1102 2816 1144 2855; x_wconf 91' lang='lat' dir='ltr'><em>A</em></span> <span class='ocrx_word' id='word_1_315' title='bbox 1178 2815 1202 2854; x_wconf 92' lang='lat'>1</span> <span class='ocrx_word' id='word_1_316' title='bbox 1234 2810 1325 2855; x_wconf 73' lang='lat' dir='ltr'><strong>htt.</strong></span> <span class='ocrx_word' id='word_1_317' title='bbox 1360 2823 1474 2854; x_wconf 82' lang='lat' dir='ltr'><strong>eras.</strong></span> <span class='ocrx_word' id='word_1_318' title='bbox 1600 2814 1667 2853; x_wconf 94' lang='lat'><strong><em>11.</em></strong></span> <span class='ocrx_word' id='word_1_319' title='bbox 1701 2805 1822 2866; x_wconf 79' lang='grc' dir='ltr'><strong><em>ἄρα]</em></strong></span> <span class='ocrx_word' id='word_1_320' title='bbox 1858 2812 1911 2854; x_wconf 85' lang='grc' dir='ltr'><strong><em>δε</em></strong></span> 
     </span>
     <span class='ocr_line' id='line_1_36' title="bbox 219 2865 1918 2939; baseline -0.003 -23"><span class='ocrx_word' id='word_1_321' title='bbox 219 2870 312 2929; x_wconf 79' lang='grc' dir='ltr'><strong><em>ἄρα</em></strong></span> <span class='ocrx_word' id='word_1_322' title='bbox 343 2888 389 2929; x_wconf 88' lang='lat' dir='ltr'><strong><em>p.</em></strong></span> <span class='ocrx_word' id='word_1_323' title='bbox 482 2868 669 2935; x_wconf 45' lang='lat' dir='ltr'><strong><em>first]</em></strong></span> <span class='ocrx_word' id='word_1_324' title='bbox 703 2868 792 2927; x_wconf 82' lang='grc' dir='ltr'><strong><em>τὴν</em></strong></span> <span class='ocrx_word' id='word_1_325' title='bbox 825 2876 867 2915; x_wconf 93' lang='lat' dir='ltr'><em>A</em></span> <span class='ocrx_word' id='word_1_326' title='bbox 899 2871 950 2914; x_wconf 94' lang='lat' dir='ltr'><strong><em>P.</em></strong></span> <span class='ocrx_word' id='word_1_327' title='bbox 1043 2875 1112 2915; x_wconf 88' lang='lat'><strong><em>13.</em></strong></span> <span class='ocrx_word' id='word_1_328' title='bbox 1146 2865 1452 2927; x_wconf 83' lang='grc' dir='ltr'><strong><em>μετρήσουσιν</em></strong></span> <span class='ocrx_word' id='word_1_329' title='bbox 1484 2869 1533 2913; x_wconf 89' lang='grc' dir='ltr'><strong><em>Ρ.</em></strong></span> <span class='ocrx_word' id='word_1_330' title='bbox 1580 2918 1598 2939; x_wconf 65' lang='lat'><em>³</em></span> <span class='ocrx_word' id='word_1_331' title='bbox 1626 2868 1740 2912; x_wconf 72' lang='lat' dir='ltr'>Post</span> <span class='ocrx_word' id='word_1_332' title='bbox 1762 2869 1845 2912; x_wconf 84' lang='grc' dir='ltr'><strong><em>τοῦ</em></strong></span> <span class='ocrx_word' id='word_1_333' title='bbox 1874 2870 1918 2911; x_wconf 89' lang='grc' dir='ltr'>Γ</span> 
     </span>
     <span class='ocr_line' id='line_1_37' title="bbox 219 2924 1911 2988; baseline -0.002 -13"><span class='ocrx_word' id='word_1_334' title='bbox 219 2932 325 2976; x_wconf 86' lang='lat' dir='ltr'>add.</span> <span class='ocrx_word' id='word_1_335' title='bbox 359 2930 542 2976; x_wconf 82' lang='lat' dir='ltr'>Theon:</span> <span class='ocrx_word' id='word_1_336' title='bbox 576 2927 691 2975; x_wconf 85' lang='grc' dir='ltr'><strong><em>όταν</em></strong></span> <span class='ocrx_word' id='word_1_337' title='bbox 724 2928 772 2974; x_wconf 79' lang='grc' dir='ltr'><strong><em>οἴ</em></strong></span> <span class='ocrx_word' id='word_1_338' title='bbox 798 2934 851 2988; x_wconf 87' lang='lat' dir='ltr'><strong><em>A,</em></strong></span> <span class='ocrx_word' id='word_1_339' title='bbox 884 2933 919 2972; x_wconf 91' lang='grc' dir='ltr'><strong><em>Β</em></strong></span> <span class='ocrx_word' id='word_1_340' title='bbox 951 2930 1128 2987; x_wconf 82' lang='grc' dir='ltr'><strong><em>πρῶτοι</em></strong></span> <span class='ocrx_word' id='word_1_341' title='bbox 1158 2926 1276 2986; x_wconf 84' lang='grc' dir='ltr'><strong><em>πρὸς</em></strong></span> <span class='ocrx_word' id='word_1_342' title='bbox 1304 2924 1530 2985; x_wconf 69' lang='grc' dir='ltr'><strong><em>ἀλλήλους</em></strong></span> <span class='ocrx_word' id='word_1_343' title='bbox 1562 2941 1675 2971; x_wconf 89' lang='grc' dir='ltr'><strong><em>ωσιν</em></strong></span> <span class='ocrx_word' id='word_1_344' title='bbox 1710 2925 1911 2983; x_wconf 71' lang='lat' dir='ltr'><em>(Bqu),</em></span> 
     </span>
    </p>
   </div>
  </div>
 </body>
</html>
