1988 3152
135 1125 189 1164 10

135 2344 190 2384 15

223 137 329 190 162
855 128 1193 180 ΣΤοΙΧΕΙῼΝ
1225 134 1294 182 ς’.

1016 320 1125 368 κη.

333 399 520 474 Παρὰ
582 399 702 472 τὴν
768 404 1093 457 δοθεῖσαν
1159 400 1437 457 εὐθεῖαν
1499 405 1582 478 τῷ
1649 403 1918 458 δοθέντι

222 488 671 565 εὐθυγράμμῳ
744 497 892 546 ἴσον
959 489 1656 562 παραλληλόγραμμον
1719 510 1922 561 παρα-

221 583 450 648 βαλεῖν
483 579 794 634 ἐλλεῖπον
827 582 994 634 εῖδει
1025 577 1691 653 παραλληλογράμμῳ
1720 575 1922 651 ὁμοίῳ

220 670 302 741 τῷ
346 666 642 722 δοθέντι·
686 671 789 722 δεῖ
826 667 895 723 δὲ
934 665 1002 722 τὸ
1038 666 1403 738 διδόμενον
1436 665 1922 738 εὐθύγραμμον

222 747 290 830 [ᾧ
339 757 443 809 δεῖ
485 761 637 810 ἴσον
683 760 1121 828 παραβαλεῖν]
1172 755 1252 826 μὴ
1302 760 1526 826 μεῖζον
1574 753 1749 811 εἶναι
1804 754 1923 810 τοῦ

220 839 342 923 άπὸ
398 846 511 914 τῆς
564 833 869 915 ἡμισείας
924 842 1490 915 ἀναγραφομένου
1548 841 1785 915 ὁμοίου
1839 847 1921 919 τῷ

221 933 604 1002 ἐλλείμματι
643 935 786 1000 [τοῦ
826 953 890 986 τε
930 929 1055 987 άπὸ
1097 935 1209 1002 τῆς
1250 929 1555 1003 ἡμισείας
1594 933 1702 987 καὶ
1742 925 1788 1007 ᾧ
1821 936 1926 988 δεῖ

222 1019 464 1090 ὅμοιον
505 1022 880 1088 ἐλλείπειν]
1026 1011 1031 1015 ’

319 1107 500 1164 ’Ἑστω
544 1107 576 1180 ἡ
618 1107 720 1179 μὲν
763 1112 1000 1164 δοθεῖσα
1041 1106 1239 1164 εὐθεῖα
1278 1107 1311 1180 ἡ
1351 1116 1486 1179 ΑΒ,
1538 1108 1600 1165 τὸ
1643 1108 1704 1164 δὲ
1746 1108 1924 1165 δοθὲν

221 1196 654 1268 εὐθύγραμμον,
697 1189 741 1271 ᾧ
783 1201 872 1253 δεῖ
908 1205 1033 1253 ἴσον
1073 1195 1223 1268 παρὰ
1264 1196 1367 1269 τὴν
1407 1204 1517 1253 ΑΒ
1558 1202 1923 1270 παραβαλεῖν,

220 1285 283 1341 τὸ
325 1291 378 1341 Γ
417 1286 490 1358 μὴ
541 1291 728 1357 μεῖζον
779 1282 893 1356 [ὂν]
942 1290 1045 1342 τοῦ
1089 1285 1196 1342 ἀπὸ
1244 1290 1341 1358 τῆς
1387 1284 1638 1358 ἡμισείας
1676 1290 1921 1358 τῆς.ΑΒ

223 1371 696 1447 ἀναγραφομένου
731 1372 932 1446 ὁμοίου
963 1378 1039 1450 τῷ
1074 1377 1407 1446 ἐλλείμματι,
1441 1367 1486 1450 ᾦ
1521 1374 1582 1431 δὲ
1615 1379 1703 1431 δεῖ
1725 1375 1922 1447 ὅμοιον

478 2104 531 2149 Α
759 2105 817 2148 1]
991 2105 1144 2150 ΣΒ
1456 2100 1524 2150 Κ
1650 2107 1705 2151 IV

224 2233 517 2301 ἐλλείπειν,
564 2252 626 2287 το
670 2237 746 2286 A·
797 2234 884 2286 δεῖ
930 2228 998 2300 δὴ
1040 2228 1188 2300 παρὰ
1230 2228 1335 2301 τὴν
1376 2232 1648 2286 δοθεῖσαν
1689 2229 1921 2287 εὐθεῖαν

222 2317 325 2390 τὴν
366 2325 474 2374 ΑΒ
514 2323 590 2395 τῷ
641 2319 870 2375 δοθέντι
910 2315 1294 2392 εὐθυγράμμῳ
1341 2321 1416 2394 τῷ
1455 2322 1509 2373 Γ
1542 2324 1668 2373 ἴσον
1715 2326 1921 2390 παραλ-

222 2407 620 2481 ληλόγραμμον
675 2412 1019 2478 παραβαλεῖν
1075 2408 1328 2462 ἐλλεῖπον
1383 2409 1519 2461 εἴδει
1573 2414 1918 2479 παραλληλο-
1983 2427 1988 2454 ῑ

223 2495 457 2571 γράμμῳ
499 2494 675 2572 ὁμοίῳ
718 2519 840 2552 οντι
879 2517 953 2570 τῳ
996 2502 1065 2551 Δ.
1981 2511 1988 2566 j

342 2583 645 2656 Τετμήσθω
701 2582 734 2655 ἡ
783 2590 891 2640 ΑΒ
944 2587 1071 2655 δίχα
1125 2605 1262 2638 κατα
1311 2580 1373 2638 τὸ
1421 2589 1474 2638 Ε
1517 2594 1775 2655 σημεῖον,
1825 2584 1918 2639 καὶ

225 2668 642 2745 ἀναγεγράφθω
685 2670 793 2728 ἀπὸ
834 2676 932 2743 τῆς
971 2678 1076 2727 ΕΒ
1115 2694 1191 2746 τῳ
1234 2678 1288 2726 A
1328 2668 1525 2741 ὅμοιον
1573 2672 1666 2726 καὶ
1714 2669 1919 2743 ὁμοίως
1983 2691 1988 2707 ·

346 2845 930 2919 1.κη’.;’]οΙηΕλβΡ.
1069 2845 1736 2922 2svasav]mg.m1P
1873 2853 1914 2893 3.

225 2905 545 2967 παραβάλλειν
578 2909 633 2953 V.
790 2913 830 2954 5.
863 2909 955 2967 τῷ]
1005 2904 1087 2952 ὄντ
1064 2925 1106 2952 τι
1147 2908 1210 2966 τῷ
1242 2907 1294 2952 V.
1449 2905 1531 2965 δέ]
1575 2905 1634 2964 δή
1674 2906 1916 2965 PBFVp;
1974 2951 1979 2954 Δ
