<?xml version="1.0" encoding="UTF-8"?>
<!DOCTYPE html PUBLIC "-//W3C//DTD XHTML 1.0 Transitional//EN"
    "http://www.w3.org/TR/xhtml1/DTD/xhtml1-transitional.dtd">
<html xmlns="http://www.w3.org/1999/xhtml" xml:lang="en" lang="en">
 <head>
  <title>
</title>
<meta http-equiv="Content-Type" content="text/html;charset=utf-8" />
  <meta name='ocr-system' content='tesseract 3.04.00' />
  <meta name='ocr-capabilities' content='ocr_page ocr_carea ocr_par ocr_line ocrx_word'/>
</head>
<body>
  <div class='ocr_page' id='page_1' title='image "./euclidisoperaomn02eucluoft_0142.png"; bbox 0 0 1988 3152; ppageno 0'>
   <div class='ocr_carea' id='block_1_1' title="bbox 233 100 1312 159">
    <p class='ocr_par' dir='ltr' id='par_1_1' title="bbox 233 100 1312 159">
     <span class='ocr_line' id='line_1_1' title="bbox 233 100 1312 159; baseline -0.012 0"><span class='ocrx_word' id='word_1_1' title='bbox 233 106 339 159; x_wconf 89' lang='grc'><em>116</em></span> <span class='ocrx_word' id='word_1_2' title='bbox 877 104 1214 148; x_wconf 68' lang='grc' dir='ltr'>ΣΤΟΙΧΕΙῼΝ</span> <span class='ocrx_word' id='word_1_3' title='bbox 1247 100 1312 148; x_wconf 85' lang='grc' dir='ltr'><em>ς’.</em></span> 
     </span>
    </p>
   </div>
   <div class='ocr_carea' id='block_1_2' title="bbox 150 218 1956 2594">
    <p class='ocr_par' dir='ltr' id='par_1_2' title="bbox 227 218 1932 562">
     <span class='ocr_line' id='line_1_2' title="bbox 335 218 1929 295; baseline -0.004 -15"><span class='ocrx_word' id='word_1_4' title='bbox 335 223 484 280; x_wconf 87' lang='grc' dir='ltr'><em>Ἐπεὶ</em></span> <span class='ocrx_word' id='word_1_5' title='bbox 525 218 630 280; x_wconf 75' lang='grc' dir='ltr'><em>οὖν</em></span> <span class='ocrx_word' id='word_1_6' title='bbox 683 230 809 278; x_wconf 80' lang='grc' dir='ltr'><em>ἴσον</em></span> <span class='ocrx_word' id='word_1_7' title='bbox 851 222 966 278; x_wconf 85' lang='grc' dir='ltr'><em>ἐστὶ</em></span> <span class='ocrx_word' id='word_1_8' title='bbox 1003 220 1066 277; x_wconf 92' lang='grc' dir='ltr'><em>τὸ</em></span> <span class='ocrx_word' id='word_1_9' title='bbox 1109 226 1282 276; x_wconf 90' lang='grc' dir='ltr'><em>ΑΒΓ</em></span> <span class='ocrx_word' id='word_1_10' title='bbox 1314 225 1592 293; x_wconf 89' lang='grc' dir='ltr'><em>τρίγωνον</em></span> <span class='ocrx_word' id='word_1_11' title='bbox 1631 228 1706 295; x_wconf 77' lang='grc' dir='ltr'><em>τῷ</em></span> <span class='ocrx_word' id='word_1_12' title='bbox 1748 224 1929 274; x_wconf 91' lang='grc' dir='ltr'><em>ΑΔΕ</em></span> 
     </span>
     <span class='ocr_line' id='line_1_3' title="bbox 227 304 1924 388; baseline -0.004 -20"><span class='ocrx_word' id='word_1_13' title='bbox 227 313 510 388; x_wconf 77' lang='grc' dir='ltr'><em>τριγώνῳ,</em></span> <span class='ocrx_word' id='word_1_14' title='bbox 574 310 712 366; x_wconf 76' lang='grc' dir='ltr'><em>ἄλλο</em></span> <span class='ocrx_word' id='word_1_15' title='bbox 769 310 837 365; x_wconf 81' lang='grc' dir='ltr'><em>δέ</em></span> <span class='ocrx_word' id='word_1_16' title='bbox 884 332 937 366; x_wconf 93' lang='grc' dir='ltr'><em>τι</em></span> <span class='ocrx_word' id='word_1_17' title='bbox 991 307 1054 366; x_wconf 89' lang='grc' dir='ltr'><em>τὸ</em></span> <span class='ocrx_word' id='word_1_18' title='bbox 1107 316 1308 379; x_wconf 93' lang='grc' dir='ltr'><em>ΒΑΔ,</em></span> <span class='ocrx_word' id='word_1_19' title='bbox 1365 311 1514 363; x_wconf 84' lang='grc' dir='ltr'><em>ἔστιν</em></span> <span class='ocrx_word' id='word_1_20' title='bbox 1569 305 1680 380; x_wconf 76' lang='grc' dir='ltr'><em>ἄρα</em></span> <span class='ocrx_word' id='word_1_21' title='bbox 1735 304 1809 372; x_wconf 80' lang='grc' dir='ltr'><em>ὡς</em></span> <span class='ocrx_word' id='word_1_22' title='bbox 1861 305 1924 362; x_wconf 89' lang='grc' dir='ltr'><em>τὸ</em></span> 
     </span>
     <span class='ocr_line' id='line_1_4' title="bbox 230 393 1927 472; baseline -0.004 -15"><span class='ocrx_word' id='word_1_23' title='bbox 230 406 387 458; x_wconf 89' lang='grc' dir='ltr'><em>ΓΑΒ</em></span> <span class='ocrx_word' id='word_1_24' title='bbox 438 403 715 471; x_wconf 89' lang='grc' dir='ltr'><em>τρίγωνον</em></span> <span class='ocrx_word' id='word_1_25' title='bbox 763 398 904 472; x_wconf 91' lang='grc' dir='ltr'><em>πρὸς</em></span> <span class='ocrx_word' id='word_1_26' title='bbox 949 397 1012 454; x_wconf 88' lang='grc' dir='ltr'><em>τὸ</em></span> <span class='ocrx_word' id='word_1_27' title='bbox 1066 404 1242 453; x_wconf 91' lang='grc' dir='ltr'><em>ΒΑΔ</em></span> <span class='ocrx_word' id='word_1_28' title='bbox 1286 402 1589 469; x_wconf 88' lang='grc' dir='ltr'><em>τρίγωνον,</em></span> <span class='ocrx_word' id='word_1_29' title='bbox 1640 395 1820 461; x_wconf 79' lang='grc' dir='ltr'><em>οὕτως</em></span> <span class='ocrx_word' id='word_1_30' title='bbox 1864 393 1927 450; x_wconf 87' lang='grc' dir='ltr'><em>τὸ</em></span> 
     </span>
     <span class='ocr_line' id='line_1_5' title="bbox 230 481 1932 562; baseline -0.004 -17"><span class='ocrx_word' id='word_1_31' title='bbox 230 496 411 545; x_wconf 90' lang='grc' dir='ltr'><em>ΕΑΔ</em></span> <span class='ocrx_word' id='word_1_32' title='bbox 456 492 734 562; x_wconf 90' lang='grc' dir='ltr'><em>τρίγωνον</em></span> <span class='ocrx_word' id='word_1_33' title='bbox 782 485 922 560; x_wconf 88' lang='grc' dir='ltr'><em>πρὸς</em></span> <span class='ocrx_word' id='word_1_34' title='bbox 975 485 1038 542; x_wconf 87' lang='grc' dir='ltr'><em>τὸ</em></span> <span class='ocrx_word' id='word_1_35' title='bbox 1089 493 1264 542; x_wconf 92' lang='grc' dir='ltr'><em>ΒΑΔ</em></span> <span class='ocrx_word' id='word_1_36' title='bbox 1311 490 1603 557; x_wconf 90' lang='grc' dir='ltr'><em>τρίγωνον.</em></span> <span class='ocrx_word' id='word_1_37' title='bbox 1682 481 1804 539; x_wconf 82' lang='grc' dir='ltr'><em>ἀλλ’</em></span> <span class='ocrx_word' id='word_1_38' title='bbox 1857 482 1932 549; x_wconf 80' lang='grc' dir='ltr'><em>ὡς</em></span> 
     </span>
    </p>

    <p class='ocr_par' dir='ltr' id='par_1_3' title="bbox 175 569 1936 1003">
     <span class='ocr_line' id='line_1_6' title="bbox 175 569 1932 649; baseline -0.002 -20"><span class='ocrx_word' id='word_1_39' title='bbox 175 590 201 629; x_wconf 82' lang='grc'>5</span> <span class='ocrx_word' id='word_1_40' title='bbox 234 577 335 649; x_wconf 76' lang='grc' dir='ltr'><em>μὲν</em></span> <span class='ocrx_word' id='word_1_41' title='bbox 373 575 438 633; x_wconf 89' lang='grc' dir='ltr'><em>τὸ</em></span> <span class='ocrx_word' id='word_1_42' title='bbox 479 582 639 633; x_wconf 90' lang='grc' dir='ltr'><em>ΓΑΒ</em></span> <span class='ocrx_word' id='word_1_43' title='bbox 679 575 819 648; x_wconf 82' lang='grc' dir='ltr'><em>πρὸς</em></span> <span class='ocrx_word' id='word_1_44' title='bbox 857 574 920 631; x_wconf 89' lang='grc' dir='ltr'><em>τὸ</em></span> <span class='ocrx_word' id='word_1_45' title='bbox 963 581 1166 645; x_wconf 90' lang='grc' dir='ltr'><em>ΒΑΔ,</em></span> <span class='ocrx_word' id='word_1_46' title='bbox 1217 574 1394 639; x_wconf 79' lang='grc' dir='ltr'><em>οὕτως</em></span> <span class='ocrx_word' id='word_1_47' title='bbox 1431 571 1465 644; x_wconf 81' lang='grc' dir='ltr'>ἡ</span> <span class='ocrx_word' id='word_1_48' title='bbox 1507 577 1608 628; x_wconf 93' lang='grc' dir='ltr'><em>ΓΑ</em></span> <span class='ocrx_word' id='word_1_49' title='bbox 1645 569 1784 644; x_wconf 86' lang='grc' dir='ltr'><em>πρὸς</em></span> <span class='ocrx_word' id='word_1_50' title='bbox 1828 570 1932 642; x_wconf 85' lang='grc' dir='ltr'><em>τὴν</em></span> 
     </span>
     <span class='ocr_line' id='line_1_7' title="bbox 231 658 1933 737; baseline -0.004 -14"><span class='ocrx_word' id='word_1_51' title='bbox 231 672 376 737; x_wconf 92' lang='grc' dir='ltr'><em>ΑΔ,</em></span> <span class='ocrx_word' id='word_1_52' title='bbox 430 664 506 731; x_wconf 80' lang='grc' dir='ltr'><em>ὡς</em></span> <span class='ocrx_word' id='word_1_53' title='bbox 553 665 616 722; x_wconf 76' lang='grc' dir='ltr'><em>δὲ</em></span> <span class='ocrx_word' id='word_1_54' title='bbox 661 663 722 721; x_wconf 87' lang='grc' dir='ltr'><em>τὸ</em></span> <span class='ocrx_word' id='word_1_55' title='bbox 764 670 942 719; x_wconf 92' lang='grc' dir='ltr'><em>ΕΑΔ</em></span> <span class='ocrx_word' id='word_1_56' title='bbox 981 662 1123 736; x_wconf 88' lang='grc' dir='ltr'><em>πρὸς</em></span> <span class='ocrx_word' id='word_1_57' title='bbox 1159 664 1222 719; x_wconf 91' lang='grc' dir='ltr'><em>τὸ</em></span> <span class='ocrx_word' id='word_1_58' title='bbox 1266 668 1466 732; x_wconf 85' lang='grc' dir='ltr'><em>ΒΑΔ,</em></span> <span class='ocrx_word' id='word_1_59' title='bbox 1515 659 1693 726; x_wconf 78' lang='grc' dir='ltr'><em>οὕτως</em></span> <span class='ocrx_word' id='word_1_60' title='bbox 1737 658 1771 731; x_wconf 79' lang='grc' dir='ltr'><em>ἡ</em></span> <span class='ocrx_word' id='word_1_61' title='bbox 1822 668 1933 716; x_wconf 99' lang='lat' dir='ltr'><em>EA</em></span> 
     </span>
     <span class='ocr_line' id='line_1_8' title="bbox 232 746 1934 826; baseline -0.005 -15"><span class='ocrx_word' id='word_1_62' title='bbox 232 773 371 826; x_wconf 89' lang='grc' dir='ltr'><em>προς</em></span> <span class='ocrx_word' id='word_1_63' title='bbox 416 752 519 826; x_wconf 87' lang='grc' dir='ltr'><em>τὴν</em></span> <span class='ocrx_word' id='word_1_64' title='bbox 574 759 697 809; x_wconf 93' lang='grc' dir='ltr'><em>ΑΒ.</em></span> <span class='ocrx_word' id='word_1_65' title='bbox 783 751 876 807; x_wconf 86' lang='grc' dir='ltr'><em>καὶ</em></span> <span class='ocrx_word' id='word_1_66' title='bbox 932 749 1008 817; x_wconf 78' lang='grc' dir='ltr'><em>ὥς</em></span> <span class='ocrx_word' id='word_1_67' title='bbox 1048 750 1158 823; x_wconf 75' lang='grc' dir='ltr'><em>ἄρα</em></span> <span class='ocrx_word' id='word_1_68' title='bbox 1206 749 1241 822; x_wconf 86' lang='grc' dir='ltr'><em>ἡ</em></span> <span class='ocrx_word' id='word_1_69' title='bbox 1300 756 1399 806; x_wconf 92' lang='grc' dir='ltr'><em>ΓΑ</em></span> <span class='ocrx_word' id='word_1_70' title='bbox 1450 748 1589 822; x_wconf 88' lang='grc' dir='ltr'><em>πρὸς</em></span> <span class='ocrx_word' id='word_1_71' title='bbox 1641 746 1743 819; x_wconf 83' lang='grc' dir='ltr'><em>τὴν</em></span> <span class='ocrx_word' id='word_1_72' title='bbox 1799 756 1934 820; x_wconf 91' lang='grc' dir='ltr'><em>ΑΔ,</em></span> 
     </span>
     <span class='ocr_line' id='line_1_9' title="bbox 234 835 1935 913; baseline -0.004 -15"><span class='ocrx_word' id='word_1_73' title='bbox 234 840 411 907; x_wconf 78' lang='grc' dir='ltr'><em>οὕτως</em></span> <span class='ocrx_word' id='word_1_74' title='bbox 450 839 484 913; x_wconf 85' lang='grc' dir='ltr'><em>ἡ</em></span> <span class='ocrx_word' id='word_1_75' title='bbox 535 848 646 897; x_wconf 93' lang='lat' dir='ltr'><em>EA</em></span> <span class='ocrx_word' id='word_1_76' title='bbox 693 838 832 913; x_wconf 87' lang='grc' dir='ltr'><em>πρὸς</em></span> <span class='ocrx_word' id='word_1_77' title='bbox 877 838 981 910; x_wconf 86' lang='grc' dir='ltr'><em>τὴν</em></span> <span class='ocrx_word' id='word_1_78' title='bbox 1020 845 1147 896; x_wconf 92' lang='grc' dir='ltr'><em>ΑΒ.</em></span> <span class='ocrx_word' id='word_1_79' title='bbox 1228 843 1340 895; x_wconf 81' lang='grc' dir='ltr'><em>τῶν</em></span> <span class='ocrx_word' id='word_1_80' title='bbox 1380 843 1563 909; x_wconf 92' lang='grc' dir='ltr'><em>ΑΒΓ,</em></span> <span class='ocrx_word' id='word_1_81' title='bbox 1603 842 1782 892; x_wconf 92' lang='grc' dir='ltr'><em>ΑΔΕ</em></span> <span class='ocrx_word' id='word_1_82' title='bbox 1825 835 1935 909; x_wconf 76' lang='grc' dir='ltr'><em>ἄρα</em></span> 
     </span>
     <span class='ocr_line' id='line_1_10' title="bbox 234 923 1936 1003; baseline -0.004 -17"><span class='ocrx_word' id='word_1_83' title='bbox 234 928 528 1003; x_wconf 89' lang='grc' dir='ltr'><em>τριγώνων</em></span> <span class='ocrx_word' id='word_1_84' title='bbox 586 927 1067 984; x_wconf 81' lang='grc' dir='ltr'><em>ἀντιπεπόνθασιν</em></span> <span class='ocrx_word' id='word_1_85' title='bbox 1123 929 1185 982; x_wconf 79' lang='grc' dir='ltr'><em>αἰ</em></span> <span class='ocrx_word' id='word_1_86' title='bbox 1234 927 1468 1000; x_wconf 82' lang='grc' dir='ltr'><em>πλευραὶ</em></span> <span class='ocrx_word' id='word_1_87' title='bbox 1531 927 1593 980; x_wconf 76' lang='grc' dir='ltr'><em>αἱ</em></span> <span class='ocrx_word' id='word_1_88' title='bbox 1650 925 1774 998; x_wconf 84' lang='grc' dir='ltr'><em>περὶ</em></span> <span class='ocrx_word' id='word_1_89' title='bbox 1837 923 1936 991; x_wconf 80' lang='grc' dir='ltr'><em>τὰς</em></span> 
     </span>
    </p>

    <p class='ocr_par' dir='ltr' id='par_1_4' title="bbox 150 1023 627 1090">
     <span class='ocr_line' id='line_1_11' title="bbox 150 1023 627 1090; baseline -0.006 -14"><span class='ocrx_word' id='word_1_90' title='bbox 150 1031 208 1071; x_wconf 92' lang='grc'><em>10</em></span> <span class='ocrx_word' id='word_1_91' title='bbox 242 1027 366 1086; x_wconf 76' lang='grc' dir='ltr'><em>ἴσας</em></span> <span class='ocrx_word' id='word_1_92' title='bbox 404 1023 627 1090; x_wconf 80' lang='grc' dir='ltr'><em>γωνίας.</em></span> 
     </span>
    </p>

    <p class='ocr_par' dir='ltr' id='par_1_5' title="bbox 240 1102 1938 1448">
     <span class='ocr_line' id='line_1_12' title="bbox 347 1102 1938 1177; baseline -0.003 -14"><span class='ocrx_word' id='word_1_93' title='bbox 347 1102 512 1163; x_wconf 83' lang='grc' dir='ltr'><em>Ἀλλὰ</em></span> <span class='ocrx_word' id='word_1_94' title='bbox 551 1105 620 1177; x_wconf 82' lang='grc' dir='ltr'><em>δὴ</em></span> <span class='ocrx_word' id='word_1_95' title='bbox 653 1105 1222 1162; x_wconf 81' lang='grc' dir='ltr'><em>ἀντιπεπονθέτωσαν</em></span> <span class='ocrx_word' id='word_1_96' title='bbox 1255 1106 1317 1159; x_wconf 74' lang='grc' dir='ltr'><em>αἱ</em></span> <span class='ocrx_word' id='word_1_97' title='bbox 1344 1103 1576 1175; x_wconf 84' lang='grc' dir='ltr'><em>πλευραὶ</em></span> <span class='ocrx_word' id='word_1_98' title='bbox 1608 1105 1722 1159; x_wconf 78' lang='grc' dir='ltr'><em>τών</em></span> <span class='ocrx_word' id='word_1_99' title='bbox 1755 1106 1938 1172; x_wconf 90' lang='grc' dir='ltr'><em>ΑΒΓ,</em></span> 
     </span>
     <span class='ocr_line' id='line_1_13' title="bbox 242 1188 1937 1268; baseline -0.003 -17"><span class='ocrx_word' id='word_1_100' title='bbox 242 1201 423 1251; x_wconf 92' lang='grc' dir='ltr'><em>ΑΔΕ</em></span> <span class='ocrx_word' id='word_1_101' title='bbox 457 1195 776 1268; x_wconf 79' lang='grc' dir='ltr'><em>τριγώνων,</em></span> <span class='ocrx_word' id='word_1_102' title='bbox 822 1194 915 1249; x_wconf 86' lang='grc' dir='ltr'><em>καὶ</em></span> <span class='ocrx_word' id='word_1_103' title='bbox 966 1198 1104 1249; x_wconf 83' lang='grc' dir='ltr'><em>ἔστω</em></span> <span class='ocrx_word' id='word_1_104' title='bbox 1154 1190 1228 1259; x_wconf 78' lang='grc' dir='ltr'><em>ὡς</em></span> <span class='ocrx_word' id='word_1_105' title='bbox 1266 1190 1301 1263; x_wconf 84' lang='grc' dir='ltr'>ἡ</span> <span class='ocrx_word' id='word_1_106' title='bbox 1343 1196 1443 1247; x_wconf 93' lang='grc' dir='ltr'><em>ΓΑ</em></span> <span class='ocrx_word' id='word_1_107' title='bbox 1482 1189 1620 1263; x_wconf 86' lang='grc' dir='ltr'><em>πρὸς</em></span> <span class='ocrx_word' id='word_1_108' title='bbox 1657 1188 1759 1261; x_wconf 86' lang='grc' dir='ltr'><em>τὴν</em></span> <span class='ocrx_word' id='word_1_109' title='bbox 1799 1198 1853 1247; x_wconf 88' lang='lat' dir='ltr'><em>A</em></span> <span class='ocrx_word' id='word_1_110' title='bbox 1865 1197 1937 1262; x_wconf 84' lang='lat' dir='ltr'><em>A,</em></span> 
     </span>
     <span class='ocr_line' id='line_1_14' title="bbox 243 1279 1938 1356; baseline -0.003 -17"><span class='ocrx_word' id='word_1_111' title='bbox 243 1281 421 1350; x_wconf 81' lang='grc' dir='ltr'><em>οὕτως</em></span> <span class='ocrx_word' id='word_1_112' title='bbox 474 1281 508 1356; x_wconf 85' lang='grc' dir='ltr'><em>ἡ</em></span> <span class='ocrx_word' id='word_1_113' title='bbox 565 1291 675 1339; x_wconf 93' lang='lat' dir='ltr'><em>EA</em></span> <span class='ocrx_word' id='word_1_114' title='bbox 728 1281 867 1355; x_wconf 87' lang='grc' dir='ltr'><em>πρὸς</em></span> <span class='ocrx_word' id='word_1_115' title='bbox 918 1280 1022 1352; x_wconf 90' lang='grc' dir='ltr'><em>τὴν</em></span> <span class='ocrx_word' id='word_1_116' title='bbox 1078 1287 1208 1336; x_wconf 92' lang='grc' dir='ltr'><em>ΑΒ·</em></span> <span class='ocrx_word' id='word_1_117' title='bbox 1265 1281 1433 1352; x_wconf 81' lang='grc' dir='ltr'><em>λέγω,</em></span> <span class='ocrx_word' id='word_1_118' title='bbox 1498 1279 1583 1336; x_wconf 83' lang='grc' dir='ltr'><em>ὅτι</em></span> <span class='ocrx_word' id='word_1_119' title='bbox 1641 1285 1766 1335; x_wconf 78' lang='grc' dir='ltr'><em>ἴσον</em></span> <span class='ocrx_word' id='word_1_120' title='bbox 1823 1279 1938 1337; x_wconf 82' lang='grc' dir='ltr'><em>ἐστὶ</em></span> 
     </span>
     <span class='ocr_line' id='line_1_15' title="bbox 240 1368 1473 1448; baseline -0.003 -20"><span class='ocrx_word' id='word_1_121' title='bbox 240 1371 303 1428; x_wconf 90' lang='grc' dir='ltr'><em>τὸ</em></span> <span class='ocrx_word' id='word_1_122' title='bbox 346 1378 518 1428; x_wconf 93' lang='grc' dir='ltr'><em>ΑΒΓ</em></span> <span class='ocrx_word' id='word_1_123' title='bbox 548 1379 827 1445; x_wconf 85' lang='grc' dir='ltr'><em>τρίγωνον</em></span> <span class='ocrx_word' id='word_1_124' title='bbox 866 1373 942 1448; x_wconf 80' lang='grc' dir='ltr'><em>τῷ</em></span> <span class='ocrx_word' id='word_1_125' title='bbox 987 1375 1167 1426; x_wconf 93' lang='grc' dir='ltr'><em>ΑΔΕ</em></span> <span class='ocrx_word' id='word_1_126' title='bbox 1200 1368 1473 1444; x_wconf 75' lang='grc' dir='ltr'><em>τριγώνῳ.</em></span> 
     </span>
    </p>

    <p class='ocr_par' dir='ltr' id='par_1_6' title="bbox 153 1453 1951 1891">
     <span class='ocr_line' id='line_1_16' title="bbox 153 1453 1942 1533; baseline -0.001 -20"><span class='ocrx_word' id='word_1_127' title='bbox 153 1473 206 1513; x_wconf 83' lang='grc'><em>15</em></span> <span class='ocrx_word' id='word_1_128' title='bbox 347 1459 792 1533; x_wconf 80' lang='grc' dir='ltr'><em>Ἐπιζευχθείσης</em></span> <span class='ocrx_word' id='word_1_129' title='bbox 829 1458 936 1532; x_wconf 79' lang='grc' dir='ltr'><em>γὰρ</em></span> <span class='ocrx_word' id='word_1_130' title='bbox 983 1458 1152 1514; x_wconf 78' lang='grc' dir='ltr'><em>πάλιν</em></span> <span class='ocrx_word' id='word_1_131' title='bbox 1191 1461 1290 1530; x_wconf 86' lang='grc' dir='ltr'><em>τῆς</em></span> <span class='ocrx_word' id='word_1_132' title='bbox 1336 1464 1473 1529; x_wconf 92' lang='grc' dir='ltr'><em>ΒΔ,</em></span> <span class='ocrx_word' id='word_1_133' title='bbox 1522 1458 1645 1512; x_wconf 78' lang='grc' dir='ltr'><em>ἐπεί</em></span> <span class='ocrx_word' id='word_1_134' title='bbox 1678 1457 1828 1512; x_wconf 82' lang='grc' dir='ltr'><em>ἐστιν</em></span> <span class='ocrx_word' id='word_1_135' title='bbox 1869 1453 1942 1522; x_wconf 78' lang='grc' dir='ltr'><em>ὡς</em></span> 
     </span>
     <span class='ocr_line' id='line_1_17' title="bbox 240 1544 1942 1623; baseline -0.003 -17"><span class='ocrx_word' id='word_1_136' title='bbox 240 1547 275 1621; x_wconf 84' lang='grc' dir='ltr'>ἡ</span> <span class='ocrx_word' id='word_1_137' title='bbox 327 1553 427 1606; x_wconf 91' lang='grc' dir='ltr'><em>ΓΑ</em></span> <span class='ocrx_word' id='word_1_138' title='bbox 473 1548 610 1623; x_wconf 85' lang='grc' dir='ltr'><em>πρὸς</em></span> <span class='ocrx_word' id='word_1_139' title='bbox 655 1547 759 1620; x_wconf 85' lang='grc' dir='ltr'><em>τὴν</em></span> <span class='ocrx_word' id='word_1_140' title='bbox 811 1554 953 1619; x_wconf 90' lang='grc' dir='ltr'><em>ΑΔ,</em></span> <span class='ocrx_word' id='word_1_141' title='bbox 1014 1547 1192 1614; x_wconf 82' lang='grc' dir='ltr'><em>οὕτως</em></span> <span class='ocrx_word' id='word_1_142' title='bbox 1238 1545 1271 1619; x_wconf 81' lang='grc' dir='ltr'>ἡ</span> <span class='ocrx_word' id='word_1_143' title='bbox 1321 1553 1431 1603; x_wconf 93' lang='grc' dir='ltr'><em>ΕΑ</em></span> <span class='ocrx_word' id='word_1_144' title='bbox 1476 1545 1615 1619; x_wconf 88' lang='grc' dir='ltr'><em>πρὸς</em></span> <span class='ocrx_word' id='word_1_145' title='bbox 1662 1544 1767 1617; x_wconf 87' lang='grc' dir='ltr'><em>τὴν</em></span> <span class='ocrx_word' id='word_1_146' title='bbox 1814 1552 1942 1618; x_wconf 92' lang='grc' dir='ltr'><em>ΑΒ,</em></span> 
     </span>
     <span class='ocr_line' id='line_1_18' title="bbox 243 1633 1951 1710; baseline -0.001 -18"><span class='ocrx_word' id='word_1_147' title='bbox 243 1635 364 1693; x_wconf 82' lang='grc' dir='ltr'><em>ἀλλ’</em></span> <span class='ocrx_word' id='word_1_148' title='bbox 421 1636 495 1705; x_wconf 78' lang='grc' dir='ltr'><em>ὡς</em></span> <span class='ocrx_word' id='word_1_149' title='bbox 542 1638 645 1710; x_wconf 72' lang='grc' dir='ltr'><em>μὲν</em></span> <span class='ocrx_word' id='word_1_150' title='bbox 691 1635 725 1709; x_wconf 82' lang='grc' dir='ltr'><em>ἡ</em></span> <span class='ocrx_word' id='word_1_151' title='bbox 774 1642 874 1693; x_wconf 89' lang='grc' dir='ltr'><em>ΓΑ</em></span> <span class='ocrx_word' id='word_1_152' title='bbox 921 1634 1059 1710; x_wconf 88' lang='grc' dir='ltr'><em>πρὸς</em></span> <span class='ocrx_word' id='word_1_153' title='bbox 1108 1635 1212 1709; x_wconf 84' lang='grc' dir='ltr'><em>τὴν</em></span> <span class='ocrx_word' id='word_1_154' title='bbox 1260 1642 1404 1706; x_wconf 90' lang='grc' dir='ltr'><em>ΑΔ,</em></span> <span class='ocrx_word' id='word_1_155' title='bbox 1457 1633 1635 1701; x_wconf 79' lang='grc' dir='ltr'><em>οὕτως</em></span> <span class='ocrx_word' id='word_1_156' title='bbox 1673 1633 1735 1690; x_wconf 91' lang='grc' dir='ltr'><em>τὸ</em></span> <span class='ocrx_word' id='word_1_157' title='bbox 1778 1639 1951 1691; x_wconf 90' lang='grc' dir='ltr'><em>ΑΒΓ</em></span> 
     </span>
     <span class='ocr_line' id='line_1_19' title="bbox 241 1720 1946 1799; baseline -0.001 -18"><span class='ocrx_word' id='word_1_158' title='bbox 241 1729 520 1798; x_wconf 87' lang='grc' dir='ltr'><em>τρίγωνον</em></span> <span class='ocrx_word' id='word_1_159' title='bbox 560 1725 700 1799; x_wconf 91' lang='grc' dir='ltr'><em>πρὸς</em></span> <span class='ocrx_word' id='word_1_160' title='bbox 737 1724 799 1781; x_wconf 86' lang='grc' dir='ltr'><em>τὸ</em></span> <span class='ocrx_word' id='word_1_161' title='bbox 835 1732 1010 1781; x_wconf 91' lang='grc' dir='ltr'><em>ΒΑΔ</em></span> <span class='ocrx_word' id='word_1_162' title='bbox 1042 1730 1341 1797; x_wconf 90' lang='grc' dir='ltr'><em>τρίγωνον,</em></span> <span class='ocrx_word' id='word_1_163' title='bbox 1383 1721 1455 1790; x_wconf 80' lang='grc' dir='ltr'><em>ὡς</em></span> <span class='ocrx_word' id='word_1_164' title='bbox 1495 1723 1557 1779; x_wconf 77' lang='grc' dir='ltr'><em>δὲ</em></span> <span class='ocrx_word' id='word_1_165' title='bbox 1596 1720 1630 1794; x_wconf 87' lang='grc' dir='ltr'><em>ἡ</em></span> <span class='ocrx_word' id='word_1_166' title='bbox 1665 1729 1775 1778; x_wconf 93' lang='lat' dir='ltr'><em>EA</em></span> <span class='ocrx_word' id='word_1_167' title='bbox 1806 1722 1946 1796; x_wconf 87' lang='grc' dir='ltr'><em>πρὸς</em></span> 
     </span>
     <span class='ocr_line' id='line_1_20' title="bbox 241 1811 1946 1891; baseline -0.001 -22"><span class='ocrx_word' id='word_1_168' title='bbox 241 1813 345 1886; x_wconf 84' lang='grc' dir='ltr'><em>τὴν</em></span> <span class='ocrx_word' id='word_1_169' title='bbox 393 1822 529 1886; x_wconf 90' lang='grc' dir='ltr'><em>ΑΒ,</em></span> <span class='ocrx_word' id='word_1_170' title='bbox 579 1813 756 1881; x_wconf 78' lang='grc' dir='ltr'><em>οὕτως</em></span> <span class='ocrx_word' id='word_1_171' title='bbox 800 1814 862 1869; x_wconf 89' lang='grc' dir='ltr'><em>τὸ</em></span> <span class='ocrx_word' id='word_1_172' title='bbox 915 1820 1092 1891; x_wconf 69' lang='grc' dir='ltr'><em>ΕΑΔ</em></span> <span class='ocrx_word' id='word_1_173' title='bbox 1135 1818 1414 1887; x_wconf 88' lang='grc' dir='ltr'><em>τρίγωνον</em></span> <span class='ocrx_word' id='word_1_174' title='bbox 1461 1811 1602 1885; x_wconf 89' lang='grc' dir='ltr'><em>πρὸς</em></span> <span class='ocrx_word' id='word_1_175' title='bbox 1654 1812 1717 1868; x_wconf 88' lang='grc' dir='ltr'><em>τὸ</em></span> <span class='ocrx_word' id='word_1_176' title='bbox 1769 1818 1946 1868; x_wconf 90' lang='grc' dir='ltr'><em>ΒΑΔ</em></span> 
     </span>
    </p>

    <p class='ocr_par' dir='ltr' id='par_1_7' title="bbox 153 1898 1956 2332">
     <span class='ocr_line' id='line_1_21' title="bbox 153 1898 1947 1976; baseline 0 -21"><span class='ocrx_word' id='word_1_177' title='bbox 153 1917 211 1956; x_wconf 83' lang='grc'><em>20</em></span> <span class='ocrx_word' id='word_1_178' title='bbox 249 1908 556 1976; x_wconf 88' lang='grc' dir='ltr'><em>τρίγωνον,</em></span> <span class='ocrx_word' id='word_1_179' title='bbox 599 1901 674 1969; x_wconf 77' lang='grc' dir='ltr'><em>ὡς</em></span> <span class='ocrx_word' id='word_1_180' title='bbox 713 1902 823 1974; x_wconf 75' lang='grc' dir='ltr'><em>ἄρα</em></span> <span class='ocrx_word' id='word_1_181' title='bbox 863 1901 925 1958; x_wconf 86' lang='grc' dir='ltr'><em>τὸ</em></span> <span class='ocrx_word' id='word_1_182' title='bbox 967 1908 1145 1959; x_wconf 92' lang='grc' dir='ltr'><em>ΑΒΓ</em></span> <span class='ocrx_word' id='word_1_183' title='bbox 1174 1907 1454 1975; x_wconf 89' lang='grc' dir='ltr'><em>τρίγωνον</em></span> <span class='ocrx_word' id='word_1_184' title='bbox 1492 1899 1633 1974; x_wconf 89' lang='grc' dir='ltr'><em>πρὸς</em></span> <span class='ocrx_word' id='word_1_185' title='bbox 1670 1898 1732 1956; x_wconf 89' lang='grc' dir='ltr'><em>τὸ</em></span> <span class='ocrx_word' id='word_1_186' title='bbox 1772 1906 1947 1956; x_wconf 92' lang='grc' dir='ltr'><em>ΒΑΔ</em></span> 
     </span>
     <span class='ocr_line' id='line_1_22' title="bbox 245 1987 1947 2065; baseline -0.003 -17"><span class='ocrx_word' id='word_1_187' title='bbox 245 1996 553 2065; x_wconf 84' lang='grc' dir='ltr'><em>τρίγωνον,</em></span> <span class='ocrx_word' id='word_1_188' title='bbox 607 1992 785 2057; x_wconf 78' lang='grc' dir='ltr'><em>οὕτως</em></span> <span class='ocrx_word' id='word_1_189' title='bbox 830 1989 892 2047; x_wconf 87' lang='grc' dir='ltr'><em>τὸ</em></span> <span class='ocrx_word' id='word_1_190' title='bbox 934 1997 1114 2047; x_wconf 91' lang='grc' dir='ltr'><em>ΕΑΔ</em></span> <span class='ocrx_word' id='word_1_191' title='bbox 1150 1995 1429 2063; x_wconf 89' lang='grc' dir='ltr'><em>τρίγωνον</em></span> <span class='ocrx_word' id='word_1_192' title='bbox 1478 1988 1617 2063; x_wconf 87' lang='grc' dir='ltr'><em>πρὸς</em></span> <span class='ocrx_word' id='word_1_193' title='bbox 1661 1987 1723 2044; x_wconf 87' lang='grc' dir='ltr'><em>τὸ</em></span> <span class='ocrx_word' id='word_1_194' title='bbox 1772 1995 1947 2044; x_wconf 92' lang='grc' dir='ltr'><em>ΒΑΔ</em></span> 
     </span>
     <span class='ocr_line' id='line_1_23' title="bbox 245 2075 1945 2154; baseline -0.002 -18"><span class='ocrx_word' id='word_1_195' title='bbox 245 2085 541 2154; x_wconf 89' lang='grc' dir='ltr'><em>τρίγωνον.</em></span> <span class='ocrx_word' id='word_1_196' title='bbox 628 2080 890 2152; x_wconf 81' lang='grc' dir='ltr'><em>ἑκάτερον</em></span> <span class='ocrx_word' id='word_1_197' title='bbox 942 2077 1052 2150; x_wconf 79' lang='grc' dir='ltr'><em>ἄρα</em></span> <span class='ocrx_word' id='word_1_198' title='bbox 1099 2083 1211 2135; x_wconf 78' lang='grc' dir='ltr'><em>τῶν</em></span> <span class='ocrx_word' id='word_1_199' title='bbox 1258 2083 1440 2150; x_wconf 91' lang='grc' dir='ltr'><em>ΑΒΓ,</em></span> <span class='ocrx_word' id='word_1_200' title='bbox 1468 2084 1644 2133; x_wconf 93' lang='grc' dir='ltr'><em>ΕΑΔ</em></span> <span class='ocrx_word' id='word_1_201' title='bbox 1693 2075 1829 2149; x_wconf 89' lang='grc' dir='ltr'><em>πρὸς</em></span> <span class='ocrx_word' id='word_1_202' title='bbox 1883 2077 1945 2132; x_wconf 90' lang='grc' dir='ltr'><em>τὸ</em></span> 
     </span>
     <span class='ocr_line' id='line_1_24' title="bbox 246 2164 1956 2240; baseline -0.002 -15"><span class='ocrx_word' id='word_1_203' title='bbox 246 2176 428 2225; x_wconf 92' lang='grc' dir='ltr'><em>ΒΑΔ</em></span> <span class='ocrx_word' id='word_1_204' title='bbox 458 2168 560 2225; x_wconf 90' lang='grc' dir='ltr'><em>τὸν</em></span> <span class='ocrx_word' id='word_1_205' title='bbox 595 2166 772 2224; x_wconf 83' lang='grc' dir='ltr'><em>αὐτὸν</em></span> <span class='ocrx_word' id='word_1_206' title='bbox 813 2172 922 2240; x_wconf 84' lang='grc' dir='ltr'><em>ἔχει</em></span> <span class='ocrx_word' id='word_1_207' title='bbox 962 2167 1150 2239; x_wconf 84' lang='grc' dir='ltr'><em>λόγον.</em></span> <span class='ocrx_word' id='word_1_208' title='bbox 1218 2175 1345 2223; x_wconf 73' lang='grc' dir='ltr'><em>ἴσον</em></span> <span class='ocrx_word' id='word_1_209' title='bbox 1385 2165 1496 2240; x_wconf 76' lang='grc' dir='ltr'><em>ἄρα</em></span> <span class='ocrx_word' id='word_1_210' title='bbox 1538 2166 1652 2222; x_wconf 81' lang='grc' dir='ltr'><em>ἐστὶ</em></span> <span class='ocrx_word' id='word_1_211' title='bbox 1690 2164 1752 2222; x_wconf 90' lang='grc' dir='ltr'><em>τὸ</em></span> <span class='ocrx_word' id='word_1_212' title='bbox 1786 2170 1956 2221; x_wconf 91' lang='grc' dir='ltr'><em>ΑΒΓ</em></span> 
     </span>
     <span class='ocr_line' id='line_1_25' title="bbox 250 2255 1219 2332; baseline 0.001 -21"><span class='ocrx_word' id='word_1_213' title='bbox 250 2262 574 2328; x_wconf 88' lang='grc' dir='ltr'><em>[τρίγωνον]</em></span> <span class='ocrx_word' id='word_1_214' title='bbox 617 2260 691 2332; x_wconf 79' lang='grc' dir='ltr'><em>τῷ</em></span> <span class='ocrx_word' id='word_1_215' title='bbox 733 2263 845 2329; x_wconf 62' lang='lat' dir='ltr'><em>EA</em></span> <span class='ocrx_word' id='word_1_216' title='bbox 855 2264 910 2311; x_wconf 86' lang='lat' dir='ltr'><em>A</em></span> <span class='ocrx_word' id='word_1_217' title='bbox 948 2255 1219 2331; x_wconf 75' lang='grc' dir='ltr'><em>τριγώνῳ.</em></span> 
     </span>
    </p>

    <p class='ocr_par' dir='ltr' id='par_1_8' title="bbox 157 2342 1950 2594">
     <span class='ocr_line' id='line_1_26' title="bbox 157 2342 1947 2417; baseline 0.001 -19"><span class='ocrx_word' id='word_1_218' title='bbox 157 2356 213 2398; x_wconf 86' lang='lat'><em>25</em></span> <span class='ocrx_word' id='word_1_219' title='bbox 366 2348 492 2400; x_wconf 77' lang='grc' dir='ltr'><em>Τῶν</em></span> <span class='ocrx_word' id='word_1_220' title='bbox 533 2343 644 2417; x_wconf 75' lang='grc' dir='ltr'><em>ἄρα</em></span> <span class='ocrx_word' id='word_1_221' title='bbox 684 2352 822 2400; x_wconf 78' lang='grc' dir='ltr'><em>ἴσων</em></span> <span class='ocrx_word' id='word_1_222' title='bbox 862 2345 954 2400; x_wconf 86' lang='grc' dir='ltr'><em>καὶ</em></span> <span class='ocrx_word' id='word_1_223' title='bbox 987 2349 1122 2416; x_wconf 89' lang='grc' dir='ltr'><em>μίαν</em></span> <span class='ocrx_word' id='word_1_224' title='bbox 1154 2347 1254 2416; x_wconf 78' lang='grc' dir='ltr'><em>μιᾷ</em></span> <span class='ocrx_word' id='word_1_225' title='bbox 1290 2351 1420 2414; x_wconf 74' lang='grc' dir='ltr'><em>ἴσην</em></span> <span class='ocrx_word' id='word_1_226' title='bbox 1453 2342 1701 2414; x_wconf 82' lang='grc' dir='ltr'><em>ἐχόντων</em></span> <span class='ocrx_word' id='word_1_227' title='bbox 1732 2347 1947 2414; x_wconf 88' lang='grc' dir='ltr'><em>γωνίαν</em></span> 
     </span>
     <span class='ocr_line' id='line_1_27' title="bbox 243 2430 1950 2507; baseline -0.002 -17"><span class='ocrx_word' id='word_1_228' title='bbox 243 2432 539 2507; x_wconf 89' lang='grc' dir='ltr'><em>τριγώνων</em></span> <span class='ocrx_word' id='word_1_229' title='bbox 602 2431 1083 2489; x_wconf 85' lang='grc' dir='ltr'><em>ἀντιπεπόνθασιν</em></span> <span class='ocrx_word' id='word_1_230' title='bbox 1150 2435 1212 2487; x_wconf 73' lang='grc' dir='ltr'><em>αἱ</em></span> <span class='ocrx_word' id='word_1_231' title='bbox 1265 2433 1499 2506; x_wconf 83' lang='grc' dir='ltr'><em>πλευραὶ</em></span> <span class='ocrx_word' id='word_1_232' title='bbox 1554 2434 1616 2486; x_wconf 73' lang='grc' dir='ltr'><em>αἱ</em></span> <span class='ocrx_word' id='word_1_233' title='bbox 1667 2433 1791 2504; x_wconf 86' lang='grc' dir='ltr'><em>περὶ</em></span> <span class='ocrx_word' id='word_1_234' title='bbox 1853 2430 1950 2497; x_wconf 83' lang='grc' dir='ltr'><em>τὰς</em></span> 
     </span>
     <span class='ocr_line' id='line_1_28' title="bbox 246 2515 1950 2594; baseline -0.001 -16"><span class='ocrx_word' id='word_1_235' title='bbox 246 2530 370 2588; x_wconf 73' lang='grc' dir='ltr'><em>ἴσας</em></span> <span class='ocrx_word' id='word_1_236' title='bbox 417 2526 646 2592; x_wconf 80' lang='grc' dir='ltr'><em>γωνίας·</em></span> <span class='ocrx_word' id='word_1_237' title='bbox 693 2523 785 2577; x_wconf 87' lang='grc' dir='ltr'><em>καὶ</em></span> <span class='ocrx_word' id='word_1_238' title='bbox 833 2515 914 2578; x_wconf 74' lang='grc' dir='ltr'><em>ὦν</em></span> <span class='ocrx_word' id='word_1_239' title='bbox 963 2527 1097 2593; x_wconf 89' lang='grc' dir='ltr'><em>μίαν</em></span> <span class='ocrx_word' id='word_1_240' title='bbox 1137 2524 1237 2594; x_wconf 85' lang='grc' dir='ltr'><em>μιᾷ</em></span> <span class='ocrx_word' id='word_1_241' title='bbox 1279 2528 1408 2593; x_wconf 80' lang='grc' dir='ltr'><em>ἴσην</em></span> <span class='ocrx_word' id='word_1_242' title='bbox 1450 2519 1695 2593; x_wconf 81' lang='grc' dir='ltr'><em>ἐχόντων</em></span> <span class='ocrx_word' id='word_1_243' title='bbox 1735 2525 1950 2591; x_wconf 88' lang='grc' dir='ltr'><em>γωνίαν</em></span> 
     </span>
    </p>
   </div>
   <div class='ocr_carea' id='block_1_3' title="bbox 246 2646 603 2654">
    <p class='ocr_par' dir='ltr' id='par_1_9' title="bbox 246 2646 603 2654">
     <span class='ocr_line' id='line_1_29' title="bbox 246 2646 603 2654; baseline 0 498"><span class='ocrx_word' id='word_1_244' title='bbox 246 2646 603 2654; x_wconf 95' lang='lat' dir='ltr'><em> </em></span> 
     </span>
    </p>
   </div>
   <div class='ocr_carea' id='block_1_4' title="bbox 246 2697 1952 2936">
    <p class='ocr_par' dir='ltr' id='par_1_10' title="bbox 246 2697 1952 2936">
     <span class='ocr_line' id='line_1_30' title="bbox 368 2697 1950 2759; baseline -0.003 -15"><span class='ocrx_word' id='word_1_245' title='bbox 368 2706 409 2746; x_wconf 84' lang='grc'><em>2.</em></span> <span class='ocrx_word' id='word_1_246' title='bbox 443 2701 507 2759; x_wconf 89' lang='grc' dir='ltr'><em>τι]</em></span> <span class='ocrx_word' id='word_1_247' title='bbox 542 2714 630 2744; x_wconf 92' lang='lat' dir='ltr'><em>om.</em></span> <span class='ocrx_word' id='word_1_248' title='bbox 664 2699 858 2757; x_wconf 88' lang='lat' dir='ltr'><strong>BFVp.</strong></span> <span class='ocrx_word' id='word_1_249' title='bbox 989 2700 1152 2758; x_wconf 85' lang='lat' dir='ltr'><em>BAA]</em></span> <span class='ocrx_word' id='word_1_250' title='bbox 1186 2699 1236 2743; x_wconf 86' lang='lat' dir='ltr'><em>in</em></span> <span class='ocrx_word' id='word_1_251' title='bbox 1266 2713 1356 2744; x_wconf 80' lang='lat' dir='ltr'><strong>ras,</strong></span> <span class='ocrx_word' id='word_1_252' title='bbox 1389 2713 1450 2742; x_wconf 91' lang='lat' dir='ltr'><em>m.</em></span> <span class='ocrx_word' id='word_1_253' title='bbox 1484 2703 1510 2742; x_wconf 79' lang='lat'>2</span> <span class='ocrx_word' id='word_1_254' title='bbox 1544 2698 1598 2743; x_wconf 89' lang='lat' dir='ltr'><em>V.</em></span> <span class='ocrx_word' id='word_1_255' title='bbox 1723 2703 1763 2742; x_wconf 91' lang='lat'><em>3.</em></span> <span class='ocrx_word' id='word_1_256' title='bbox 1798 2697 1950 2756; x_wconf 86' lang='grc' dir='ltr'><em>ΓΑΒ]</em></span> 
     </span>
     <span class='ocr_line' id='line_1_31' title="bbox 246 2752 1952 2816; baseline -0.001 -12"><span class='ocrx_word' id='word_1_257' title='bbox 246 2756 470 2804; x_wconf 84' lang='grc' dir='ltr'><em>”Τ”Α’Β</em></span> <span class='ocrx_word' id='word_1_258' title='bbox 503 2759 559 2811; x_wconf 84' lang='lat' dir='ltr'><em>F;</em></span> <span class='ocrx_word' id='word_1_259' title='bbox 595 2761 732 2802; x_wconf 87' lang='grc' dir='ltr'><em>ΒΑΓ</em></span> <span class='ocrx_word' id='word_1_260' title='bbox 757 2758 856 2816; x_wconf 89' lang='lat' dir='ltr'><em>Bp,</em></span> <span class='ocrx_word' id='word_1_261' title='bbox 881 2759 924 2803; x_wconf 91' lang='lat' dir='ltr'><strong>V</strong></span> <span class='ocrx_word' id='word_1_262' title='bbox 948 2773 1008 2802; x_wconf 87' lang='lat' dir='ltr'><em>m.</em></span> <span class='ocrx_word' id='word_1_263' title='bbox 1034 2764 1076 2803; x_wconf 82' lang='lat'><em>2.</em></span> <span class='ocrx_word' id='word_1_264' title='bbox 1185 2753 1354 2816; x_wconf 75' lang='grc' dir='ltr'><em>οὕτως]</em></span> <span class='ocrx_word' id='word_1_265' title='bbox 1381 2752 1503 2802; x_wconf 71' lang='grc' dir='ltr'><em>οὕτω</em></span> <span class='ocrx_word' id='word_1_266' title='bbox 1529 2757 1581 2815; x_wconf 89' lang='grc' dir='ltr'><em>Ρ,</em></span> <span class='ocrx_word' id='word_1_267' title='bbox 1607 2752 1754 2808; x_wconf 77' lang='grc' dir='ltr'><em>οὕτως</em></span> <span class='ocrx_word' id='word_1_268' title='bbox 1779 2752 1872 2814; x_wconf 80' lang='grc' dir='ltr'><em>ἄρα</em></span> <span class='ocrx_word' id='word_1_269' title='bbox 1896 2756 1952 2802; x_wconf 82' lang='lat' dir='ltr'><em>F.</em></span> 
     </span>
     <span class='ocr_line' id='line_1_32' title="bbox 251 2815 1950 2878; baseline -0.001 -16"><span class='ocrx_word' id='word_1_270' title='bbox 251 2824 292 2862; x_wconf 80' lang='lat'><em>4.</em></span> <span class='ocrx_word' id='word_1_271' title='bbox 334 2819 499 2878; x_wconf 75' lang='grc' dir='ltr'><em>ΕΑΔ]</em></span> <span class='ocrx_word' id='word_1_272' title='bbox 531 2818 676 2875; x_wconf 85' lang='lat' dir='ltr'>BFp,</span> <span class='ocrx_word' id='word_1_273' title='bbox 707 2817 750 2861; x_wconf 84' lang='lat' dir='ltr'><strong>V</strong></span> <span class='ocrx_word' id='word_1_274' title='bbox 773 2834 834 2864; x_wconf 86' lang='lat' dir='ltr'><em>m.</em></span> <span class='ocrx_word' id='word_1_275' title='bbox 859 2823 908 2872; x_wconf 70' lang='lat'><em>23</em></span> <span class='ocrx_word' id='word_1_276' title='bbox 942 2819 1082 2862; x_wconf 79' lang='grc' dir='ltr'><em>ΑΔΕ</em></span> <span class='ocrx_word' id='word_1_277' title='bbox 1106 2817 1148 2862; x_wconf 89' lang='lat' dir='ltr'><strong>v</strong></span> <span class='ocrx_word' id='word_1_278' title='bbox 1171 2818 1479 2871; x_wconf 77' lang='lat' dir='ltr'><em>m.1;AAE</em></span> <span class='ocrx_word' id='word_1_279' title='bbox 1502 2815 1553 2861; x_wconf 85' lang='grc' dir='ltr'><em>Ρ.</em></span> <span class='ocrx_word' id='word_1_280' title='bbox 1670 2816 1832 2874; x_wconf 79' lang='lat' dir='ltr'><em>BAA]</em></span> <span class='ocrx_word' id='word_1_281' title='bbox 1858 2815 1950 2860; x_wconf 72' lang='lat' dir='ltr'><strong>litt.</strong></span> 
     </span>
     <span class='ocr_line' id='line_1_33' title="bbox 249 2871 1951 2936; baseline -0.002 -14"><span class='ocrx_word' id='word_1_282' title='bbox 249 2882 331 2922; x_wconf 84' lang='lat' dir='ltr'><em>BA</em></span> <span class='ocrx_word' id='word_1_283' title='bbox 362 2877 412 2922; x_wconf 86' lang='lat' dir='ltr'><em>in</em></span> <span class='ocrx_word' id='word_1_284' title='bbox 443 2893 532 2923; x_wconf 84' lang='lat' dir='ltr'>ras.</span> <span class='ocrx_word' id='word_1_285' title='bbox 565 2893 625 2924; x_wconf 90' lang='lat' dir='ltr'><em>m.</em></span> <span class='ocrx_word' id='word_1_286' title='bbox 667 2882 706 2921; x_wconf 82' lang='lat'><em>2.</em></span> <span class='ocrx_word' id='word_1_287' title='bbox 732 2876 786 2922; x_wconf 86' lang='lat' dir='ltr'><em>V.</em></span> <span class='ocrx_word' id='word_1_288' title='bbox 911 2877 1162 2936; x_wconf 79' lang='grc' dir='ltr'><em>τρίγωνον]</em></span> <span class='ocrx_word' id='word_1_289' title='bbox 1204 2890 1353 2933; x_wconf 87' lang='lat' dir='ltr'>comp.</span> <span class='ocrx_word' id='word_1_290' title='bbox 1387 2874 1443 2919; x_wconf 85' lang='lat' dir='ltr'><em>V.</em></span> <span class='ocrx_word' id='word_1_291' title='bbox 1568 2880 1608 2921; x_wconf 80' lang='grc'><em>7.</em></span> <span class='ocrx_word' id='word_1_292' title='bbox 1647 2871 1755 2932; x_wconf 81' lang='grc' dir='ltr'><em>τήν]</em></span> <span class='ocrx_word' id='word_1_293' title='bbox 1789 2874 1951 2931; x_wconf 85' lang='lat' dir='ltr'>(prius)</span> 
     </span>
    </p>
   </div>
  </div>
 </body>
</html>
