1988 3152
116 1029 168 1069 10

115 1555 168 1596 15

114 1999 169 2039 20

204 59 313 112 392
824 62 1160 104 ΣΤΟΙΧΕῙῼΝ
1190 59 1264 106 θ’.

1000 207 1107 278 ⁹⁶13-

311 310 457 367 Ἐὰν
520 311 826 382 περισσοὶ
888 310 1170 384 ἀριθμοὶ
1241 310 1606 370 ὁποσοιοῦν
1669 331 1895 371 συντε-

202 403 442 470 θωσιν,
490 399 560 455 τὸ
611 400 679 456 δὲ
726 403 987 471 πλῆθος
1026 398 1247 456 αὐτῶν
1285 400 1517 473 ἄρτιον
1562 396 1624 475 ᾗ,
1673 401 1703 458 6
1746 401 1898 469 ὅλος

203 487 432 559 ἄρτιος
470 492 668 545 ἔσται.

314 582 760 646 Συγκείσθωσαν
791 577 899 651 γὰρ
931 579 1186 651 περισσοὶ
1218 576 1453 651 ἀριθμοὶ
1486 577 1897 651 ὁσοιδηποτοῦν

203 663 386 736 ἄρτιοι
432 663 494 720 τὸ
543 669 761 736 πλῆθος
816 669 874 722 οἱ
910 673 1045 737 ΑΒ,
1086 671 1214 738 ΒΓ,
1261 671 1390 737 ΓΔ,
1426 674 1561 722 ΔΕ·
1602 669 1769 740 λέγω,
1811 667 1897 724 ὅτι

203 753 332 818 ὅλος
373 750 402 808 6
443 760 558 809 AE
594 753 785 826 ἄρτιός
825 756 989 810 ἐστιν.
1984 749 1988 756 ’

310 840 457 897 Ἐπεὶ
503 841 610 914 γὰρ
651 845 878 910 ἕκαστος
923 846 1036 899 τῶν
1077 849 1209 914 ΑΒ,
1242 849 1371 913 ΒΓ,
1403 849 1531 915 ΓΔ,
1566 851 1682 900 ΔΕ
1717 865 1915 918 περιτ-ο

200 930 294 997 τός
341 933 517 1001 ἐστιν,
573 931 976 1005 ἀφαιρεθείσης
1028 931 1275 1004 μονάδος
1320 930 1419 1003 ἀφ’
1486 932 1722 989 ἑκάστου
1777 935 1898 988 ἕκα-

202 1036 329 1086 στος
373 1023 486 1076 τῶν
524 1023 736 1076 λοιπῶν
776 1019 966 1093 ἄρτιος
1006 1025 1177 1076 ἔσται·
1227 1021 1367 1077 ὥστε
1404 1021 1496 1076 καὶ
1538 1019 1567 1077 6
1617 1027 1899 1094 συγκείμε-

201 1131 300 1174 νος
347 1111 401 1176 ἐξ
449 1107 636 1165 αὐτῶν
685 1108 872 1182 ἄρτιος
920 1114 1085 1166 ἔσται.
1165 1113 1280 1165 ἔστι
1333 1109 1394 1165 δὲ
1433 1110 1524 1165 καὶ
1571 1108 1633 1166 τὸ
1681 1113 1900 1182 πλῆθος

200 1200 314 1253 τῶν
362 1197 630 1269 μονάδων
679 1197 889 1271 ἄρτιον.
967 1198 1060 1253 καὶ
1118 1195 1248 1263 ὅλος
1301 1197 1412 1270 ἄρα
1461 1195 1489 1254 6
1546 1205 1661 1254 AE
1707 1197 1901 1271 ἄρτιός

203 1286 375 1341 ἐστιν·
418 1284 552 1358 ὅπερ
594 1290 706 1342 ἔδει
748 1287 936 1353 δεῖξαι.

991 1456 1058 1505 κγ
1086 1478 1096 1489 .

310 1534 456 1593 Ἐὰν
518 1538 822 1610 περισσοὶ
893 1535 1175 1610 ἀριθμοὶ
1240 1535 1608 1594 ὁποσοιοῦν
1672 1555 1899 1594 συντε-

199 1630 440 1696 θῶσιν,
494 1626 563 1682 τὸ
621 1626 691 1682 δὲ
737 1630 990 1698 πλῆθος
1038 1624 1253 1684 αὐτῶν
1299 1626 1621 1699 περισσὸν
1674 1620 1737 1700 ᾗ,
1791 1629 1898 1683 καὶ

202 1713 230 1771 6
275 1714 425 1782 ὅλος
463 1716 777 1787 περισσὸς
816 1720 1012 1773 ἔσται.

314 1810 762 1876 Συγκείσθωσαν
817 1804 924 1877 γὰρ
983 1802 1291 1861 ὁποσοιοῦν
1338 1806 1590 1877 περισσοὶ
1641 1803 1896 1877 ἀριθμοί,

202 1887 282 1949 ὧν
314 1893 376 1950 τὸ
408 1897 627 1965 πλῆθος
658 1893 928 1967 περισσὸν
969 1897 1125 1964 ἔστω,
1167 1896 1224 1949 οἰ
1260 1899 1386 1963 ΑΒ,
1419 1897 1538 1963 ΒΓ,
1573 1898 1695 1948 ΓΔ·
1738 1895 1899 1965 λέγω,

204 1981 289 2039 ὅτι
327 1983 421 2038 καὶ
463 1981 592 2048 ὅλος
632 1981 660 2038 6
702 1990 820 2038 AA
859 1981 1119 2053 περισσός
1160 1983 1324 2038 ἐστιν.

308 2071 652 2144 Ἀφῃρήσθω
711 2071 819 2127 άπὸ
876 2074 979 2127 τοῦ
1033 2076 1137 2127 ΓΔ
1191 2069 1367 2143 μονὰς
1421 2069 1455 2142 ἡ
1513 2078 1646 2126 AE·
1709 2069 1902 2136 λοιπὸς

201 2159 311 2232 ἄρα
360 2157 389 2215 6
442 2163 551 2215 ΓΕ
592 2158 784 2233 ἄρτιός
833 2162 997 2216 ἐστιν.
1075 2164 1189 2215 ἔστι
1238 2159 1299 2216 δὲ
1337 2160 1429 2215 καὶ
1470 2157 1499 2216 6
1542 2165 1649 2215 ΓΑ
1688 2158 1898 2231 ἄρτιος·

201 2249 294 2304 καὶ
335 2247 465 2314 ὅλος
504 2247 613 2320 ἄρα
654 2246 682 2304 ὁ
723 2255 837 2303 ΑΕ
873 2247 1065 2321 ἄρτιός
1106 2251 1271 2305 ἐστιν.
1345 2253 1445 2304 καί
1480 2251 1592 2304 ἐστι
1639 2247 1817 2319 μονὰς
1862 2245 1896 2319 ἡ

203 2343 332 2393 ΔΕ.
410 2334 672 2408 περισσὸς
711 2335 821 2409 ἄρα
861 2336 1012 2392 ἐστὶν
1052 2333 1080 2392 ὁ
1124 2343 1263 2391 ΑΔ·
1305 2334 1439 2409 ὅπερ
1482 2339 1594 2392 ἔδει
1635 2338 1823 2403 δεῖξαι.

320 2490 361 2529 2.
403 2485 666 2529 συντεθῶσι
705 2485 847 2542 FVq.
1000 2490 1040 2529 3.
1084 2481 1137 2544 6]
1178 2498 1266 2530 om.
1305 2484 1451 2558 PVq.
1599 2489 1640 2530 4.
1682 2481 1807 2529 ἐστιν
1846 2485 1898 2530 F.

201 2548 242 2590 5.
276 2541 393 2602 γάρ]
427 2559 487 2588 m.
522 2549 548 2587 2
583 2545 632 2588 F.
765 2550 804 2589 6.
838 2540 1013 2602 ἄρτιοι]
1048 2558 1136 2589 om.
1168 2545 1218 2588 F.
1349 2549 1390 2589 8.
1426 2540 1647 2613 ἑκάτερος
1678 2544 1736 2599 F,
1781 2558 1896 2589 corr.

201 2618 261 2647 m.
297 2608 338 2647 2.
493 2608 562 2646 11.
598 2601 720 2660 εστι]
757 2602 871 2648 ἔστω
902 2603 952 2648 Ρ.
1108 2610 1175 2648 13.
1211 2604 1338 2647 Inter
1370 2599 1495 2647 ἔστιν
1528 2605 1576 2647 et
1608 2578 1736 2657 ὅπερ
1755 2603 1899 2647 aliam

202 2662 639 2707 demonstr.habe1:
677 2663 734 2717 F;
775 2679 819 2708 u.
861 2677 967 2720 app.
1124 2668 1190 2708 15.
1226 2660 1508 2721 ὁποσοιοῦν]
1551 2677 1640 2707 om.
1674 2662 1729 2708 V.
1793 2676 1898 2706 συν-

200 2722 376 2766 τεθῶσι
407 2720 502 2778 Vq
628 2727 696 2767 17.
731 2719 785 2780 6]
823 2737 910 2767 om.
954 2721 1198 2779 PBFVq;
1240 2736 1355 2767 corr.
1387 2720 1586 2778 August.
1711 2725 1778 2765 18.
1815 2737 1897 2765 πε-

201 2781 350 2837 ρισσοὶ
381 2736 583 2852 οἷριθμοὶ
615 2777 871 2826 ὁποσοιοῦν
903 2781 959 2827 V.
1064 2786 1132 2828 19.
1166 2779 1238 2840 οἷ]
1274 2777 1298 2825 6
1332 2779 1381 2825 F.
1481 2786 1552 2826 22.
1589 2777 1739 2838 ἐστιν]
1775 2775 1898 2824 ἔστιν

200 2838 253 2885 δε
303 2841 395 2884 τῶν
441 2837 532 2898 πρὸ
574 2835 722 2885 αυτοῦ
762 2840 812 2885 F.
967 2841 1078 2899 ΓΑ]
1121 2844 1211 2885 ΑΓ
1245 2839 1388 2897 BVq.
1540 2844 1611 2885 23.
1654 2835 1800 2897 ἐστιν]
1845 2838 1896 2895 Ρ,
