1988 3152
143 1028 169 1067 5

111 1470 167 1510 10

110 1912 165 1953 15

1015 508 1086 568 ε’.

943 644 1138 719 Ὅροι.

319 746 392 802 α’.
431 749 657 822 Μέρος
696 749 810 805 ἐστὶ
851 750 1090 821 μέγεθος
1119 751 1395 821 μεγέθους
1425 750 1488 808 τὸ
1524 756 1762 809 ἔλασσον
1792 758 1896 810 τοῦ

205 841 483 907 μείζονος,
525 834 662 892 ὅταν
701 840 1011 909 καταμετρῇ
1049 836 1113 893 τὸ
1155 844 1357 909 μεῖζον.

316 923 390 994 β’.
430 924 950 981 Πολλαπλάσιον
999 924 1062 980 δὲ
1100 924 1163 981 τὸ
1214 932 1401 997 μεῖζον
1439 931 1541 984 τοῦ
1582 928 1896 1000 ἐλάττονος,

205 1009 341 1068 ὅταν
379 1017 782 1086 καταμετρῆται
821 1011 931 1069 ὑπὸ
973 1017 1075 1069 τοῦ
1116 1016 1423 1081 ἐλάττονος.

312 1100 384 1172 γ’.
433 1101 652 1172 Λόγος
699 1102 813 1158 ἐστὶ
863 1101 967 1157 δύο
1017 1106 1277 1172 μεγεθῶν
1326 1099 1618 1173 ὁμογενῶν
1672 1103 1706 1176 ἡ
1753 1104 1891 1161 κατὰ

199 1188 540 1260 πηλικότητά
578 1209 712 1245 ποια
752 1190 948 1261 σχέσις.

313 1276 385 1333 δ’.
424 1277 646 1349 Λόγον
704 1281 881 1349 ἔχειν
939 1277 1079 1351 πρὸς
1133 1277 1346 1351 ἄλληλα
1398 1281 1609 1352 μεγέθη
1660 1282 1894 1352 λέγεται,

198 1362 235 1420 ἃ
276 1364 515 1421 δύναται
550 1366 1146 1438 πολλαπλασιαζόμενα
1183 1366 1443 1440 ἀλλήλων
1483 1366 1789 1440 ὑπερέχειν.

310 1453 374 1510 ε’.
409 1450 510 1509 Ἐν
572 1457 656 1530 τῷ
720 1452 893 1529 αὐτῷ
948 1453 1119 1530 λόγῳ
1153 1442 1385 1527 ’μεγέθη
1441 1457 1657 1527 λέγεται
1712 1454 1893 1512 εἶναι

197 1545 423 1614 πρῶτον
483 1541 624 1615 πρὸς
686 1542 952 1615 δεύτερον
1012 1544 1105 1599 καὶ
1166 1548 1355 1616 τρίτον
1410 1543 1549 1617 πρὸς
1608 1545 1891 1616 τέταρτον,

199 1628 334 1686 ὅταν
380 1629 446 1686 τὰ
493 1634 596 1687 τοῦ
641 1634 866 1704 πρώτου
912 1632 1005 1687 καὶ
1053 1637 1245 1704 τρίτου
1285 1632 1467 1698 ἰσάκις
1505 1634 1891 1690 πολλαπλάσια

196 1721 310 1774 τῶν
357 1723 458 1775 τοῦ
489 1721 765 1803 δευτέρου
803 1721 894 1775 καὶ
926 1721 1192 1793 τετάρτου
1232 1721 1413 1788 ἰσάκις
1459 1727 1891 1778 πολλαπλασίων

196 1806 329 1863 καθ’
386 1806 693 1865 ὁποιονοῦν
732 1808 1264 1881 πολλαπλασιασμὸν
1314 1811 1579 1882 ἑκάτερον
1627 1811 1891 1882 ἑκατέρου

197 1892 231 1968 ἢ
273 1919 388 1968 αμα
426 1895 666 1971 ὑπερέχῃ
706 1893 741 1968 ἢ
782 1895 896 1969 άμα
936 1905 1028 1954 ἴσα
1067 1892 1102 1972 ᾗ
1136 1895 1170 1970 ἢ
1203 1897 1317 1971 ἅμα
1349 1901 1567 1972 ἐλλείπῃ
1601 1899 1891 1970 ληφθέντα

195 1983 527 2056 κατάλληλα.

271 2073 324 2132 ς’
329 2118 340 2130 .
386 2073 465 2129 Τὰ
524 2073 585 2129 δὲ
631 2072 732 2129 τὸν
779 2071 955 2130 αὐτὸν
1002 2078 1201 2146 ἔχοντα
1249 2074 1422 2146 λόγον
1476 2076 1686 2147 μεγέθη
1735 2072 1890 2132 ἀνά-

195 2168 226 2217 λ
239 2183 269 2217 ο
279 2184 313 2233 γ
324 2183 353 2217 ο
365 2184 398 2217 ν
437 2165 737 2217 καλείσθω.

313 2309 415 2354 Def.
452 2314 490 2352 1.
523 2309 647 2353 Hero
681 2307 772 2353 def.
807 2313 915 2363 120,
951 2314 989 2353 1.
1053 2307 1515 2366 Barlaamlogist.1
1547 2309 1637 2355 def.
1675 2316 1713 2355 1.
1843 2316 1884 2355 2.

192 2369 316 2414 Hero
349 2367 441 2414 def.
469 2373 568 2413 121
630 2367 847 2412 Barlaam
871 2369 891 2411 Ι
916 2366 1007 2412 def.
1042 2373 1083 2413 2.
1206 2373 1246 2413 3.
1271 2367 1396 2412 Hero
1422 2368 1512 2413 def.
1542 2374 1642 2414 127.
1705 2369 1885 2415 Psellus

191 2443 238 2484 p.
272 2433 312 2472 8.
436 2432 478 2472 4.
510 2427 636 2472 Hero
668 2425 758 2471 def.
795 2431 901 2481 123,
937 2432 977 2470 1.
1100 2432 1140 2472 5.
1174 2426 1296 2471 Hero
1329 2426 1419 2471 def.
1455 2432 1553 2471 124.
1688 2435 1727 2474 6.
1761 2429 1885 2474 Hero

194 2486 284 2531 def.
318 2490 417 2531 124.

315 2626 353 2663 1.
388 2614 512 2678 ὅροι]
539 2633 629 2664 om.
654 2619 840 2691 PBFp.
864 2632 1082 2663 numeros
1106 2632 1197 2664 om.
1223 2619 1354 2663 codd.
1384 2633 1557 2664 omneS.
1682 2624 1722 2665 2.
1757 2618 1884 2664 ἔλατ-

191 2695 274 2723 τον
304 2678 446 2723 Hero.
587 2683 628 2723 4.
663 2673 912 2729 ἐλάσσονος
942 2678 998 2734 V,
1030 2680 1084 2723 ut
1114 2678 1195 2722 lin.
1229 2682 1271 2722 5.
1404 2684 1442 2724 7.
1477 2679 1612 2738 ποια]
1644 2679 1704 2736 Ρ,
1735 2678 1882 2734 Rex-03

191 2734 309 2792 πρὸς
345 2733 528 2809 ἄλληλά
566 2753 680 2782 ποια
722 2736 883 2782 Theon
928 2737 1084 2794 (BFV
1114 2738 1186 2794 p),
1228 2735 1506 2794 Campanus.
1577 2739 1691 2783 Post
1729 2737 1882 2794 σχέσις

191 2796 297 2841 add.
329 2793 562 2853 αναλογία
593 2794 647 2841 δὲ
679 2792 709 2853 ἡ
741 2796 836 2841 τῶν
866 2793 1019 2853 λόγων
1057 2792 1288 2852 ταυτότης
1317 2797 1417 2853 Bp,
1460 2796 1743 2854 Campanum
1782 2812 1884 2854 mg.

190 2854 1209 2913 m2PVmgblsm1etm2F
1243 2869 1332 2901 om
1366 2855 1506 2900 Hero.
1659 2853 1882 2914 &52st
