1988 3152
203 165 313 218 282
840 166 1176 210 ΣΤοΙΧΕΙῼΝ
1205 164 1271 224 η’.

202 282 270 339 τὰ
310 283 452 340 αὐτὰ
494 283 563 355 δὴ
603 285 696 339 καὶ
737 282 765 339 6
808 289 862 339 Γ
892 283 993 340 τὸν
1031 286 1081 347 Ξ
1115 297 1320 358 μετρεῖ·
1370 289 1429 342 οἱ
1464 293 1531 356 Β,
1563 291 1616 341 Γ
1648 284 1758 357 ἄρα
1795 286 1896 342 τὸν

203 374 254 436 Ξ
302 375 624 444 μετροῦσιν·
678 373 772 427 καὶ
825 370 854 428 6
912 373 1196 445 ἐλάχιστος
1251 373 1361 446 ἄρα
1415 373 1526 430 ὑπὸ
1581 378 1695 430 τῶν
1745 381 1820 444 Β,
1851 380 1904 430 Γ

204 461 578 532 μετρούμενος
624 460 726 517 τὸν
764 463 813 525 Ξ
859 462 1130 534 μετρήσει.
1209 463 1493 535 ἐλάχιστος
1533 463 1595 519 δὲ
1632 461 1742 518 ὑπὸ
1783 466 1896 519 τῶν

201 556 276 619 Β,
310 554 364 604 Γ
402 560 679 622 μετρεῖται
720 548 749 605 6
790 556 868 605 Η·
918 549 947 606 6
988 557 1055 606 Η
1084 552 1194 621 ἄρα
1231 551 1333 607 τὸν
1380 555 1430 615 Ξ
1473 563 1659 623 μετρεῖ
1711 550 1740 608 6
1790 556 1898 624 μεί-

144 648 170 688 5
207 643 314 705 ζων
359 637 461 694 τὸν
517 638 815 694 ἐλάσσονα·
871 637 1006 710 ὅπερ
1062 641 1212 695 ἐστὶν
1261 639 1562 696 ἀδύνατον.
1638 638 1740 696 οὐκ
1786 639 1896 713 ἄρα

203 732 433 783 ἔσονταί
480 750 627 794 τινες
681 732 796 784 τῶν
852 735 923 799 Θ,
964 734 1044 798 Η,
1084 735 1162 798 Κ,
1204 735 1255 783 A
1310 728 1607 793 ἐλάσσονες
1662 727 1896 800 ἀριθμοὶ

203 818 325 888 ἑξῆς
380 820 442 871 ε”ν
496 838 554 871 τε
607 820 682 892 τῷ
738 819 839 872 τοῦ
889 823 943 871 Α
990 815 1130 888 πρὸς
1174 816 1275 872 τὸν
1330 823 1377 872 Β
1431 818 1525 872 καὶ
1571 821 1647 894 τῷ
1702 820 1804 873 τοῦ
1851 822 1904 872 Γ

201 905 341 976 πρὸς
378 905 481 961 τὸν
523 912 578 960 Δ
616 905 709 959 καὶ
750 909 829 960 ἔτι
867 909 944 981 τῷ
984 908 1087 961 τοῦ
1128 912 1181 960 Ε
1215 906 1356 977 πρὸς
1394 906 1495 962 τὸν
1536 913 1580 961 Ζ
1619 905 1784 981 λόγῳ.

313 992 414 1065 Μὴ
463 999 724 1067 μετρείτω
779 993 848 1065 δὴ
900 991 929 1050 6
971 1001 1024 1049 E
1066 991 1168 1049 τὸν
1208 1000 1276 1050 Κ.
1353 996 1446 1050 καὶ
1487 994 1744 1066 εἰλήφθω
1784 993 1894 1050 ὑπὸ

115 1091 169 1131 10
201 1086 315 1138 τῶν
371 1089 445 1153 Ε,
486 1089 544 1138 Κ
604 1082 890 1154 ἐλάχιστος
952 1082 1326 1154 μετρούμενος
1397 1082 1644 1156 ἀριθμὸς
1714 1082 1743 1140 6
1816 1090 1895 1139 M.

198 1172 292 1227 καὶ
340 1170 535 1237 ὁσάκις
581 1171 683 1243 μὲν
732 1169 761 1226 6
812 1177 870 1226 K
912 1169 1012 1227 τὸν
1053 1177 1127 1227 Μ
1173 1183 1382 1244 μετρεῖ,
1428 1172 1759 1238 τοσαυτάκις
1804 1173 1897 1227 καὶ

201 1260 457 1333 ἑκάτερος
511 1263 628 1316 τῶν
682 1266 752 1329 Θ,
791 1266 857 1316 Η
905 1259 1168 1332 ἑκάτερον
1222 1265 1335 1316 τῶν
1391 1267 1474 1330 Ν,
1515 1263 1564 1324 Ξ
1616 1266 1895 1332 μετρείτω,

201 1346 393 1415 ὁσάκις
449 1348 509 1405 δὲ
559 1346 588 1404 6
640 1355 693 1404 E
726 1347 828 1404 τὸν
876 1355 950 1404 Μ
989 1360 1199 1422 μετρεῖ,
1255 1348 1587 1415 τοσαυτάκις
1631 1350 1723 1405 καὶ
1772 1348 1800 1405 6
1852 1356 1896 1404 Z

198 1437 301 1493 τὸν
351 1444 398 1492 Ο
445 1443 723 1509 μετρείτω.
802 1438 918 1494 ἐπεὶ
959 1437 1141 1503 ἰσάκις
1181 1436 1211 1493 6
1253 1445 1300 1494 Θ
1337 1437 1437 1494 τὸν
1480 1444 1541 1493 Ν
1581 1450 1770 1511 μετρεῖ
1803 1440 1895 1494 καὶ

113 1533 168 1574 15
202 1526 231 1583 6
274 1533 339 1582 H
368 1526 471 1583 τὸν
509 1529 578 1597 Ξ,
627 1531 778 1582 ἔστιν
825 1525 937 1597 ἄρα
984 1525 1058 1592 ὡς
1099 1525 1128 1582 6
1170 1533 1217 1582 Θ
1255 1525 1394 1599 πρὸς
1439 1526 1540 1582 τὸν
1587 1533 1670 1597 Η,
1721 1526 1898 1594 οὕτως

199 1614 228 1672 6
276 1622 335 1671 Ν
380 1615 521 1688 πρὸς
567 1614 670 1671 τὸν
717 1618 777 1678 Ξ.
855 1615 931 1680 ὡς
978 1615 1040 1671 δὲ
1088 1613 1117 1671 6
1165 1622 1212 1671 Θ
1258 1615 1397 1688 πρὸς
1442 1615 1542 1671 τὸν
1589 1622 1671 1686 Η,
1720 1617 1897 1682 οὕτως

199 1703 228 1760 6
270 1713 324 1760 A
362 1703 502 1777 πρὸς
539 1703 642 1760 τὸν
682 1711 751 1760 Β·
791 1704 885 1759 καὶ
924 1701 998 1770 ὡς
1038 1702 1146 1776 ἄρα
1187 1702 1217 1760 6
1258 1713 1311 1759 A
1349 1704 1488 1777 πρὸς
1533 1705 1633 1760 τὸν
1680 1711 1753 1777 Β,
1802 1706 1897 1762 οὕ-

196 1815 304 1860 τως
350 1791 380 1849 ὁ
426 1798 492 1848 N
531 1792 671 1865 πρὸς
716 1791 816 1849 τὸν
856 1796 914 1856 Ξ.
993 1792 1087 1848 διὰ
1128 1791 1195 1849 τὰ
1235 1790 1377 1848 αὐτὰ
1419 1792 1488 1865 δὴ
1530 1794 1622 1849 καὶ
1663 1792 1738 1860 ὥς
1777 1792 1806 1850 6
1850 1800 1902 1850 Γ

196 1879 336 1954 πρὸς
382 1879 485 1936 τὸν
530 1887 610 1950 Δ,
660 1881 837 1947 οὕτως
884 1879 913 1937 6
962 1883 1012 1944 Ξ
1053 1881 1193 1953 πρὸς
1240 1880 1342 1937 τὸν
1380 1887 1461 1937 Μ.
1537 1882 1730 1954 πάλιν,
1780 1884 1894 1939 ἐπεὶ

110 1976 167 2016 20
201 1969 380 2035 ἰσάκις
422 1967 451 2025 6
493 1975 545 2024 E
579 1968 681 2025 τὸν
720 1975 789 2025 Μ
825 1981 1015 2041 μετρεῖ
1049 1970 1142 2025 καὶ
1183 1967 1212 2025 6
1257 1976 1301 2024 Z
1339 1969 1442 2025 τὸν
1484 1976 1554 2040 Ο,
1595 1975 1746 2026 ἔστιν
1787 1970 1895 2044 ἄρα

201 2056 274 2125 ὡς
315 2056 344 2115 6
385 2064 439 2113 E
473 2057 612 2130 πρὸς
648 2056 750 2114 τὸν
792 2065 862 2128 Ζ,
903 2057 1081 2124 οὕτως
1120 2057 1149 2114 6
1190 2064 1264 2114 M
1296 2057 1433 2130 πρὸς
1471 2058 1573 2114 τὸν
1616 2065 1683 2113 Ο·
1726 2062 1785 2115 oc
1819 2066 1894 2131 N,

198 2150 267 2218 Ξ,
303 2154 392 2218 Μ,
429 2153 476 2202 Ο
513 2147 622 2220 ἄρα
663 2148 786 2218 ἑξῆς
834 2145 1121 2218 ἀνάλογόν
1161 2151 1303 2203 εἰσιν
1345 2151 1404 2204 ἐν
1450 2159 1568 2214 τοῖς
1604 2146 1706 2204 τοῦ
1745 2171 1801 2204 τε
1840 2155 1894 2203 A

199 2234 337 2306 πρὸς
382 2235 484 2292 τὸν
530 2242 576 2291 Β
632 2236 724 2291 καὶ
770 2239 872 2291 τοῦ
920 2240 974 2291 Γ
1020 2235 1159 2308 πρὸς
1205 2234 1307 2292 τὸν
1348 2243 1403 2291 Δ
1441 2236 1534 2291 καὶ
1575 2241 1654 2291 ἔτι
1696 2241 1798 2293 τοῦ
1845 2244 1898 2293 Ε

199 2324 340 2396 πρὸς
377 2322 478 2380 τὸν
518 2330 564 2378 Ζ
610 2324 813 2395 λόγοις.
892 2325 1034 2395 λέγω
1084 2323 1182 2396 δή,
1233 2322 1316 2380 ἔτι
1365 2325 1458 2380 καὶ
1507 2325 1784 2397 ἐλάχιστοι
1831 2328 1892 2382 ἐν

322 2479 358 2518 1.
394 2476 445 2527 Β,
480 2474 569 2544 Γ]
582 2475 634 2526 Γ,
668 2476 703 2515 Β
736 2471 883 2543 Bth.
1008 2478 1049 2517 2.
1082 2474 1302 2530 μετροῦσι
1333 2471 1437 2529 Vq).
1498 2468 1623 2531 υπό]
1659 2469 1683 2517 6
1717 2468 1814 2517 ὑπό
1840 2473 1890 2544 Ρ.
1983 2500 1988 2510 ·

198 2538 240 2578 4.
275 2537 537 2606 μετρεῖται
550 2528 574 2576 6
620 2535 678 2577 H.
741 2528 766 2576 6
811 2535 861 2576 H
895 2528 1018 2590 ἄρα]
1060 2532 1150 2577 del.
1193 2548 1253 2576 m.
1296 2537 1322 2575 2
1355 2531 1414 2587 B,
1447 2546 1540 2588 mg.
1574 2529 1894 2588 μετρούμενός
1984 2578 1988 2586 f

199 2588 325 2636 ἐστιν
358 2590 382 2636 6
421 2594 485 2634 H·
519 2587 543 2634 6
578 2593 628 2634 Η
656 2587 750 2646 ἄρα
781 2588 863 2635 τὸν
897 2593 942 2640 Ξ
970 2597 1142 2658 μετρεῖ.
1266 2596 1306 2636 6.
1342 2592 1405 2646 Θ,
1438 2591 1512 2662 H]
1550 2594 1615 2645 H,
1652 2593 1693 2635 Θ
1724 2592 1808 2648 Βφ
1845 2593 1893 2637 et

198 2650 248 2694 in
279 2665 368 2695 ras.
401 2650 456 2694 V.
574 2655 613 2694 7.
646 2650 758 2695 Post
791 2646 899 2721 ἑξῆς
930 2651 980 2694 in
1011 2651 1048 2694 B
1080 2649 1240 2695 insert.
1273 2665 1333 2695 m.
1370 2655 1416 2694 1·
1450 2625 1701 2707 ἀνάλογον.
1818 2667 1866 2695 τε

201 2725 290 2755 om.
322 2710 372 2755 P
495 2712 536 2753 8.
571 2710 638 2766 A]
681 2714 722 2753 A
747 2707 883 2778 λόγῳ
914 2709 1018 2766 ch.
1142 2707 1293 2769 λόγῳ]
1326 2723 1415 2753 om.
1449 2708 1551 2765 Vq).
1677 2715 1744 2755 11.
1780 2708 1868 2767 μέν

198 2770 422 2814 m..2V
574 2757 1888 2844 M]5qu).12.‚(*?1‘1]corr.exH‚&V;

201 2831 268 2883 Η,
304 2830 345 2873 Θ
374 2828 519 2900 ΡΒφ.
615 2833 686 2871 13.
719 2829 800 2886 Μ]
835 2825 898 2898 μή
932 2845 981 2884 φ.
1078 2833 1147 2872 14.
1181 2825 1314 2887 ἐπεί]
1348 2826 1430 2871 καὶ
1462 2822 1570 2871 επεί
1597 2827 1640 2871 V
1672 2843 1732 2872 m.
1772 2833 1815 2883 2,
1839 2845 1888 2884 φ.

199 2892 270 2933 20.
313 2886 438 2932 ἔστιν
478 2883 571 2943 ἄρα
603 2912 659 2919 -
693 2891 770 2931 21:
811 2885 896 2932 τὸν
937 2888 1004 2945 0]
1045 2902 1138 2943 mg.
1181 2904 1231 2942 φ.
1384 2891 1455 2930 22.
1498 2882 1757 2945 ἀνάλογον]
1799 2902 1889 2932 om.

199 2947 346 3003 Bqu.
468 2946 584 3005 τοῦ]
617 2945 709 2989 τῶν
741 2947 790 2992 P.
913 2947 984 3005 τε]
1027 2960 1116 2991 om.
1150 2947 1254 3002 th.
1377 2950 1449 2990 23.
1491 2944 1578 3004 ἔτι]
1604 2960 1696 3002 om
1736 2947 1888 3003 BVep.
