1988 3152
542 66 1001 108 ELEMENTORUM
1030 68 1212 108 LIBER
1242 67 1364 109 vm.
1682 61 1791 115 299

101 206 266 260 quare
305 187 469 240 etiam
510 188 1253 238 E:Z=Z:(¹9=cu):M.
1315 202 1505 237 uerum
1540 186 1790 236 M=A.

99 279 280 347 itaque
334 274 437 327 erit
483 277 567 326 E:
597 277 642 326 Z
667 299 738 316 =
763 277 808 325 Z
834 293 846 325 :
871 277 918 325 Θ
944 298 1012 315 =
1038 276 1086 325 Θ
1109 292 1120 325 :
1146 278 1214 325 A.
1291 273 1479 325 eadem
1526 272 1590 324 de
1628 289 1792 324 causa

101 366 263 418 etiam
299 367 388 415 E:
417 365 570 414 H=
596 365 688 414 H:
715 365 767 413 A
792 387 862 404 =
890 364 942 413 A
967 380 979 412 ε
1003 364 1066 413 Β.
1133 378 1262 430 ergo
1303 366 1437 430 quo-t
1467 362 1610 413 inter
1640 365 1711 428 A,
1744 363 1791 412 Β

101 451 392 507 seeundum
446 451 853 520 proportionem
917 450 1233 503 continuam
1288 450 1600 518 interpositi
1664 452 1792 502 sunt

96 541 333 608 numeri,
371 538 602 592 totidem
649 538 813 590 etiam
869 537 1013 589 inter
1065 538 1311 608 singulos
1359 543 1438 605 A,
1471 541 1518 590 Β
1574 540 1627 590 et
1676 538 1792 590 uni-

97 632 266 683 tatem
323 632 377 681 E
429 627 724 682 secundum
783 627 1193 695 proportionem
1251 626 1564 679 continuam
1626 625 1790 678 inter-

101 719 266 789 positi
305 721 432 771 sunt
470 716 705 785 numeri3
745 715 887 785 quod
927 717 1046 768 erat
1084 714 1580 768 demonstrandum.

915 891 981 946 X.

210 997 267 1052 Si
319 999 461 1051 inter
515 998 649 1051 duos
705 1015 957 1050 numeros
970 994 1012 1068 1)
1071 999 1125 1049 et
1177 996 1443 1048 unitatem
1499 995 1793 1049 seeundum

95 1088 500 1157 proportionem
570 1086 883 1139 continuam
937 1084 1146 1138 numeri
1210 1084 1420 1154 aliquot
1481 1084 1794 1152 interpositi

100 1181 247 1245 sunt,
286 1178 422 1245 quot
459 1175 603 1227 inter
642 1174 885 1243 singulos
927 1176 980 1225 et
1018 1173 1287 1226 unitatem
1329 1172 1623 1226 secundum
1669 1191 1792 1241 pro-

98 1266 406 1335 portionem
438 1264 752 1317 continuam
783 1262 1097 1330 interpositi
1129 1263 1258 1315 sunt
1295 1262 1522 1329 numeri,
1560 1261 1793 1314 totidem

99 1356 264 1407 etiam
310 1355 454 1407 inter
491 1353 641 1422 ipsos
684 1351 977 1405 seeundum
1028 1351 1439 1421 proportionem
1481 1351 1794 1404 continuam

95 1444 519 1514 interponentur.

771 1602 777 1629 ι
973 1543 1118 1597 Nam
1172 1544 1314 1596 inter
1360 1544 1494 1597 duos
1541 1562 1795 1598 numeros

859 1638 926 1702 A,
958 1636 1005 1685 Β
1044 1635 1099 1685 et
1121 1633 1389 1686 unitatem
1413 1635 1466 1686 Γ
1501 1633 1795 1686 secundum

856 1722 1269 1791 proportionem
1291 1722 1606 1774 continuam
1630 1721 1794 1775 inter-

858 1813 1134 1880 ponantur
1179 1811 1390 1863 numeri
1430 1814 1507 1879 A,
1547 1813 1601 1862 E
1639 1813 1692 1863 et
1734 1814 1795 1878 Z,

503 1915 791 1958 ι--ιΘ
863 1902 935 1953 Η.
1006 1900 1143 1967 dico,
1191 1904 1324 1968 quot
1363 1899 1507 1952 inter
1547 1899 1793 1969 singulos

861 1993 928 2056 A,
952 1990 1000 2040 B
1029 1990 1083 2040 et
1115 1988 1379 2040 unitatem
1411 1989 1466 2039 Γ
1497 1988 1793 2041 secundum

153 1592 303 1633 —3F
358 1592 412 1634 Αι·

262 1681 765 1721 Br————⁴

143 2137 147 2162 ¹
501 2034 633 2163 -Ιιέ
859 2076 1270 2144 proportionem
1295 2077 1607 2129 continuam
1625 2075 1790 2130 inter-

143 2224 148 2250 ,
596 2211 650 2251 'A
860 2164 1027 2233 positi
1053 2165 1162 2217 sint
1184 2164 1419 2232 numeri,
1442 2165 1671 2218 totidem
1697 2167 1792 2219 eti-

864 2271 951 2306 am
991 2253 1134 2305 inter
1166 2258 1233 2318 A,
1265 2257 1312 2305 Β
1339 2252 1632 2306 seeundum
1670 2273 1796 2323 pro-

98 2342 404 2412 portionem
449 2341 760 2396 continuam
798 2341 1182 2410 interpositum
1221 2341 1305 2393 iri.

221 2553 263 2603 1)
296 2548 582 2605 Scripturam
630 2547 804 2592 codicis
849 2548 886 2592 P
933 2547 1015 2592 lin.
1060 2553 1113 2592 13
1163 2543 1429 2604 (ἑκατέρου)
1478 2547 1621 2593 etiam
1663 2548 1794 2593 Cam-

102 2620 253 2664 panus
286 2607 501 2652 habuisse
533 2607 741 2661 uidetur3
776 2607 902 2664 apud
936 2621 1040 2652 eum
1074 2607 1198 2651 enim
1223 2606 1346 2661 VIII,
1381 2611 1437 2651 10
1467 2606 1536 2651 ita
1575 2608 1794 2665 legimus:

100 2665 141 2710 si
179 2665 301 2711 inter
339 2668 588 2723 utrumque
629 2681 789 2711 eorum
822 2669 870 2710 et
907 2666 1138 2711 unitatem
1188 2665 1424 2722 quotlibet
1462 2667 1645 2712 numeri
1689 2681 1796 2712 con—

103 2723 238 2769 tinua.
278 2725 719 2783 proportionalitate
761 2724 1036 2781 ceciderint,
1086 2725 1312 2770 ambobus
1352 2725 1559 2770 numeris
1597 2726 1798 2771 totidem

109 2783 333 2829 continua
363 2784 807 2842 proportionalitate
839 2785 1064 2830 interesse
1095 2798 1283 2830 necesse
1317 2788 1400 2829 est.
