1988 3152
476 79 938 123 ELEMENTORUM
967 79 1150 120 LIBER
1179 79 1233 121 V.
1652 73 1724 126 47

803 211 951 266 XVI.

142 317 199 372 Si
223 321 482 388 quattuor
507 315 912 387 magnitudines
937 314 1372 385 proportionales
1393 315 1535 382 sunt,
1561 313 1726 366 etiam

29 407 385 476 permutando
424 405 862 476 proportionales
901 406 1071 457 erunt.

142 493 264 548 Sint
297 497 554 564 quattuor
584 491 985 564 magnitudines
1023 491 1462 562 proportionales
1489 494 1556 559 A,
1580 493 1644 559 Β,
1666 491 1728 559 Γ,

834 585 911 649 A,
950 581 1030 633 ita
1067 583 1130 634 ut
1170 581 1727 634 sitA2B=F:A.

27 629 228 757 ἔτι
520 626 684 757 ἔξ.
835 669 969 738 dieo,
1010 669 1174 723 etiam
1214 667 1576 738 permutando
1610 684 1727 720 esse

27 803 784 847 Ει--ι-ι-ιΗι--ι-ι
833 762 886 810 Α
910 777 921 810 ³
945 760 999 810 Γ
1019 783 1088 801 =
1113 761 1161 810 B
1187 775 1198 810 ²
1225 761 1306 856 A:
1569 845 1579 855 ⁵
1689 844 1700 855 ·

26 894 329 936 Ζ,-,-,,,,
526 889 716 933 ΘΙ--Ι-Ι
907 847 1190 900 sumantur
1222 864 1366 899 emm
1395 844 1726 916 magmtudl-

828 953 958 988 num
998 939 1066 1004 A,
1098 939 1145 988 Β
1194 953 1361 1005 aeque
1401 933 1727 1003 multiplices

26 1031 98 1097 E,
138 1031 205 1095 Z,
245 1025 681 1097 magnitudinum
722 1026 902 1077 autem
940 1027 1001 1093 Γ,
1035 1028 1091 1076 A
1122 1024 1257 1077 aliae
1298 1023 1519 1093 quaeuis
1559 1039 1727 1091 aeque

26 1115 352 1184 multiplices
391 1117 463 1183 H,
502 1117 563 1167 Θ.

145 1208 200 1257 et
239 1202 495 1273 quoniam
534 1205 587 1254 E
621 1201 1020 1273 magnitudinis
1059 1204 1113 1253 A
1153 1202 1207 1253 et
1248 1202 1294 1251 Z
1333 1198 1727 1270 magnitudinis

30 1297 77 1346 Β
121 1309 287 1362 aeque
325 1291 608 1360 multiplex
648 1293 746 1360 est,
783 1292 965 1360 partes
1006 1291 1188 1342 autem
1224 1290 1279 1341 et
1311 1288 1563 1341 similiter
1593 1289 1728 1341 mul-

29 1382 239 1452 tiplices
280 1379 504 1434 eandem
542 1379 809 1432 rationem
848 1378 1053 1431 habent
1099 1395 1196 1431 suo
1238 1377 1426 1431 ordine
1474 1379 1725 1445 sumptae

31 1473 206 1540 [prop.
243 1469 387 1539 XV],
427 1469 531 1522 erit
570 1470 983 1521 A:B=E:Z.
1041 1485 1231 1520 uerum
1263 1471 1316 1519 A
1341 1486 1352 1519 :
1377 1469 1424 1518 Β
1452 1491 1522 1509 =
1548 1467 1631 1518 F:
1658 1469 1728 1518 A.

30 1577 195 1629 quare
262 1559 428 1612 etiam
500 1559 592 1611 F:
627 1561 682 1609 A
722 1581 791 1599 =
830 1559 882 1608 E
917 1574 928 1608 :
973 1558 1017 1607 Z
1088 1557 1261 1625 [prop.
1323 1554 1442 1622 XI].
1541 1572 1727 1608 rursus

29 1648 284 1718 quoniam
338 1650 422 1716 H,
475 1650 523 1699 Θ
590 1644 1032 1716 magnitudinum
1087 1646 1157 1712 Γ,
1205 1647 1260 1696 A
1322 1661 1490 1712 aeque
1544 1642 1727 1695 multi-

31 1736 203 1806 plices
259 1738 405 1805 sunt,
458 1734 560 1789 erit
606 1737 691 1788 F:
718 1738 773 1786 A
799 1759 867 1776 =
894 1736 987 1786 H:
1011 1736 1059 1785 Θ
1106 1735 1281 1802 [prop.
1319 1731 1464 1799 XV].
1539 1749 1730 1785 uerum

29 1827 113 1878 F:
142 1828 196 1878 A
221 1848 291 1868 =
316 1828 404 1877 E:
431 1827 490 1877 Z.
543 1824 727 1893 itaque
769 1822 933 1875 etiam
974 1823 1379 1874 ΕεΖ--ΗεΘ
1413 1822 1588 1890 [prop.
1610 1818 1728 1886 XIJ.
1790 1819 1794 1831 ⁴

30 1914 76 1966 si
124 1916 306 1966 autem
355 1916 612 1982 quattuor
657 1910 1061 1982 magnitudines
1109 1908 1542 1980 proportionales
1588 1910 1730 1977 sunt,

36 2004 91 2054 et
135 2002 313 2070 prima
358 2001 535 2053 maior
573 2003 656 2052 est
692 1999 881 2067 tertia,
929 1999 1095 2051 etiam
1137 1997 1372 2058 secunda
1410 1997 1585 2049 maior
1626 1995 1730 2048 erit

38 2092 246 2158 quarta,
286 2091 341 2140 et
373 2089 419 2141 si
456 2088 713 2158 aequaliS,
754 2087 995 2156 aequalis
1028 2089 1125 2155 est,
1158 2088 1213 2138 et
1244 2086 1290 2138 si
1321 2085 1518 2154 minor,
1547 2083 1730 2136 minor

34 2178 207 2247 [prop.
224 2175 356 2230 XIV
358 2179 396 2244 ].
436 2178 621 2246 itaque
646 2176 692 2229 si
709 2180 762 2228 E
781 2175 1213 2246 magnitudinem
1228 2177 1295 2227 H
1305 2176 1540 2244 superat,
1563 2173 1729 2226 etiam

33 2268 78 2318 Z
108 2263 537 2335 magnitudinem
562 2267 610 2316 Θ
642 2267 875 2334 superat,
907 2266 962 2317 et
993 2264 1038 2317 si
1071 2263 1328 2333 aequaliS,
1362 2262 1602 2332 aequalis
1631 2264 1729 2330 est,

32 2357 86 2407 et
140 2354 186 2406 si
240 2354 437 2422 minor,
492 2352 684 2406 minor.
762 2355 817 2405 et
863 2356 936 2422 E,
984 2355 1030 2405 Z
1083 2352 1519 2423 magnitudinum
1565 2355 1640 2420 A,
1680 2354 1727 2404 Β

32 2496 225 2559 πλαίσια]
262 2512 357 2556 seq.
389 2495 447 2544 τὰ
483 2499 536 2545 δὲ
571 2498 689 2556 μέρη
721 2503 821 2551 τοῖς
854 2494 1078 2550 ὡσαύτως
1108 2499 1472 2549 πολλαπλασίοις
1504 2495 1588 2542 τὸν
1637 2494 1723 2541 αὗ-

30 2555 114 2603 τόν
162 2557 259 2615 ἔχει
304 2555 446 2614 λόγον
493 2557 746 2615 ληφθέντα
793 2555 1058 2614 κατάλληλα
1100 2558 1192 2615 Bp.
1333 2561 1401 2602 18.
1445 2557 1511 2616 Γ]
1557 2556 1606 2600 in
1636 2570 1726 2601 ras.

31 2633 92 2663 m.
129 2623 150 2661 1
183 2633 228 2675 p.
351 2614 414 2668 ὥς
447 2619 530 2677 δέ]
556 2614 659 2662 ἄλλ’
688 2613 750 2668 ὡς
774 2617 830 2662 F.
955 2622 1026 2662 19.
1059 2612 1228 2675 οὕτως]
1257 2630 1346 2661 om.
1371 2617 1421 2661 P.
1544 2621 1616 2661 20.
1649 2614 1725 2674 τό]

33 2677 151 2732 (alt.)
184 2691 208 2721 e
242 2690 358 2722 corr.
383 2677 439 2721 V.
563 2682 634 2722 23.
669 2675 879 2732 ἔλασσον,
914 2674 1110 2721 ἔλασσον
1134 2676 1190 2721 V.
1314 2680 1385 2721 24.
1421 2675 1480 2733 Θ]
1517 2689 1610 2731 seq.
1636 2689 1726 2719 ras.

36 2741 59 2779 1
91 2735 185 2780 litt.
218 2736 276 2780 V.
397 2736 479 2781 nal.
511 2734 575 2792 εἴ]
624 2732 718 2780 κᾶν
760 2736 923 2781 Theon
962 2735 1189 2793 (BFVp).
1313 2740 1383 2781 25.
1417 2734 1498 2779 καὶ
1539 2733 1603 2790 εἰ]
1635 2730 1727 2778 κᾶν

32 2793 193 2840 Theon
233 2794 455 2852 (BFVp).
521 2791 646 2840 ἐστιν
686 2794 734 2839 F.
881 2800 952 2841 26.
992 2792 1050 2839 τὰ
1092 2794 1146 2840 δέ
1179 2820 1233 2828 -
1267 2810 1313 2852 p.
1353 2798 1433 2850 48,
1468 2798 1514 2838 1:
1556 2796 1725 2838 πολλα-

32 2850 229 2914 πλάσια]
262 2869 355 2912 mg.
387 2869 448 2899 m.
480 2867 571 2899 reo.
603 2868 650 2912 p.
