1988 3152
273 101 382 154 366
897 102 1234 145 ΣΤοΙΧΕῙῼΝ
1264 98 1336 147 θ’.
1408 155 1420 167 ,

269 218 371 276 τὸν
410 217 728 290 ἡγούμενον
767 218 860 274 καὶ
901 217 931 275 6
972 220 1242 291 ἑπόμενος
1278 219 1379 275 τὸν
1430 222 1726 292 ἑπόμενον·
1773 234 1961 294 μετρεῖ

268 305 379 379 ἄρα
420 305 448 363 6
489 313 542 361 Ε
576 306 677 362 τὸν
718 314 771 362 A
809 305 882 372 ὡς
921 306 1231 379 ἡγούμενος
1268 306 1601 381 ἡγούμενον.
1670 307 1809 365 ἀλλὰ
1842 310 1956 381 μὴν

268 396 357 450 καὶ
417 392 484 450 οὐ
541 406 745 466 μετρεῖ·
802 393 936 466 ὅπερ
977 394 1277 452 ἀδύνατον.
1364 395 1467 452 οὐκ
1521 396 1632 467 ἄρα
1686 400 1746 453 οἶ
1797 404 1870 468 Ε,
1903 407 1958 454 A

268 486 476 553 πρῶτοι
527 483 666 555 πρὸς
715 480 990 554 ἀλλήλους
1039 488 1196 540 εἰσίν.
1274 485 1544 540 σύνθετοι
1590 483 1715 557 ἄρα.
1792 489 1850 541 οἱ
1893 487 1956 542 δὲ

210 583 234 623 5
269 571 535 627 σύνθετοι
584 569 694 627 ὑπὸ
753 572 1036 643 [πρώτου]
1094 573 1345 643 ἀριθμοῦ
1405 595 1556 638 τινος
1612 577 1956 644 μετροῦνται.

264 659 356 714 καὶ
411 660 528 715 ἐπεὶ
583 657 613 716 6
664 666 716 715 Ε
758 665 976 731 πρῶτος
1022 659 1334 730 ὑπόκειται,
1392 659 1421 717 6
1470 661 1532 717 δὲ
1578 665 1795 732 πρῶτος
1841 660 1951 718 ὑπὸ

265 750 457 818 ἑτέρου
496 746 749 818 ἀριθμοῦ
790 748 858 804 οὐ
900 760 1177 821 μετρεῖται
1215 746 1250 820 ἢ
1290 746 1392 819 ὑφ’
1438 750 1659 820 ἑαυτοῦ,
1700 749 1730 806 6
1765 757 1817 805 Ε
1844 749 1954 821 ἄρα

262 836 394 902 τοὺς
440 843 493 891 A
504 880 519 907 ,
551 843 604 891 Ε
651 849 856 908 μετρεῖ·
909 837 1049 893 ὥστε
1102 835 1131 893 6
1173 843 1226 892 Ε
1260 836 1360 892 τὸν
1400 847 1452 893 Α
1493 849 1694 909 μετρεῖ.
1770 850 1959 910 μετρεῖ

265 925 327 981 δὲ
371 927 461 981 καὶ
509 924 610 982 τὸν
652 934 728 981 Δ·
777 926 806 982 6
847 932 899 981 Ε
934 925 1045 996 ἄρα
1083 925 1215 991 τοὺς
1255 934 1331 997 Α,
1367 933 1422 981 Δ
1470 938 1669 997 μετρεῖ.
1747 925 1953 998 ὁμοίως

177 1025 229 1064 10
263 1013 331 1085 δὴ
382 1016 661 1085 δείξομεν,
711 1016 796 1071 ὅτι
843 1012 944 1084 ὑφ’
998 1012 1151 1070 ὅσων
1198 1011 1270 1069 ἂν
1320 1012 1349 1070 6
1402 1023 1456 1069 A
1502 1015 1738 1086 πρώτων
1793 1013 1953 1086 ἀριθ-

263 1106 383 1174 μῶν
423 1106 710 1174 μετρῆται,
757 1101 867 1159 ὑπὸ
916 1106 1030 1158 τῶν
1079 1101 1268 1158 αὐτῶν
1314 1103 1408 1158 καὶ
1449 1101 1480 1158 6
1522 1111 1574 1158 A
1612 1095 1951 1176 μετρηθήσε-

262 1210 373 1247 ται·
415 1189 550 1264 ὅπερ
592 1194 703 1246 ἔδει
744 1192 932 1257 δεῖξαι.

1060 1347 1154 1395 ιγ.

368 1427 512 1483 Ἐὰν
559 1426 668 1483 ἀπὸ
717 1428 1013 1497 μονάδος
1062 1423 1429 1482 ὁποσοιοῦν
1478 1427 1759 1499 ἀριθμοὶ
1808 1427 1953 1498 ἑξης

173 1532 224 1572 15
259 1515 592 1587 ἀναλογον
641 1509 829 1582 ὦσιν,
884 1512 912 1570 6
973 1513 1042 1570 δε
1095 1513 1251 1585 μετὰ
1302 1514 1421 1585 τὴν
1476 1514 1734 1586 μονάδα
1784 1519 1952 1587 πρῶ-

257 1627 364 1670 τος
408 1607 471 1677 ᾐ,
520 1602 548 1660 6
591 1605 898 1675 μέγιστος
939 1599 1038 1658 ὑπ’
1094 1600 1373 1669 οὐδενὸς
1428 1602 1677 1672 [ἄλλου]
1720 1626 1948 1676 μετρη

256 1693 537 1764 θήσεται
584 1691 784 1765 παρεξ
831 1694 957 1747 τῶν
1006 1689 1446 1764 ὑπαρχόντων
1495 1694 1562 1747 ἐν
1612 1703 1750 1758 τοῖς
1796 1691 1950 1748 ἀνά-

261 1789 462 1853 λογον
503 1778 836 1855 ἀριθμοῖς.

1294 1869 1583 1925 ’Ἐστωσαν
1633 1867 1739 1925 ἀπὸ
1780 1869 1950 1941 μονοξ-

167 1974 223 2013 20
255 1920 542 2048 1——1A113
763 1915 818 2045 ΕΙ,
1029 1928 1034 1957 ι
1082 2005 1139 2046 'Z
1195 1961 1291 2023 δος
1353 1955 1658 2013 ὁποσοιοῦν
1713 1954 1950 2030 ἀριθμοὶ

253 2108 258 2137 .
626 2096 686 2136 ,Γ
809 2094 1033 2135 ι-ιΗ
1195 2047 1316 2118 ἑξῆς
1356 2045 1638 2117 ἀνάλογον
1686 2048 1746 2101 οἶ
1779 2054 1850 2116 A,
1882 2052 1949 2116 B,

253 2196 257 2225 ¹
709 2185 767 2225 ,Α
874 2196 877 2223 .
1108 2141 1257 2224 Γ,
1291 2143 1363 2207 Δ,
1399 2133 1428 2192 6
1463 2135 1522 2191 δὲ
1557 2133 1690 2206 μετὰ
1723 2133 1825 2205 τὴν
1850 2156 1948 2206 μο-

1108 2180 1338 2280 Θνοέδα
1371 2222 1400 2279 ὁ
1435 2231 1488 2279 A
1525 2226 1740 2295 πρῶτος
1787 2226 1948 2277 ε’·στω

258 2314 425 2383 λέγω,
474 2311 558 2368 ὅτι
598 2310 627 2367 6
660 2314 924 2384 μέγιστος
962 2310 1149 2368 αὐτῶν
1190 2309 1218 2367 6
1261 2319 1316 2366 A
1354 2308 1450 2367 ὑπ’
1497 2309 1732 2376 οὐδενὸς
1771 2309 1948 2366 ἄλλου

147 2422 221 2462 ⁸25
256 2401 662 2474 μετρηθήσεται
699 2401 869 2474 παρὲξ
907 2405 1022 2457 τῶν
1061 2409 1136 2472 A,
1168 2407 1240 2470 Β,
1272 2405 1333 2455 Γ.

365 2494 438 2544 Εἰ
474 2489 580 2562 γὰρ
622 2490 896 2560 δυνατόν,
936 2494 1248 2562 μετρείσθω
1289 2486 1399 2544 ὑπὸ
1440 2490 1542 2543 τοῦ
1586 2493 1652 2557 Ε,
1692 2487 1786 2542 καὶ
1827 2485 1856 2543 6
1896 2493 1950 2542 E

366 2643 406 2682 2.
417 2633 514 2710 ὡς]
541 2634 602 2687 ὥς
627 2634 651 2682 6
676 2655 726 2693 φ.
789 2635 872 2682 τὸν
896 2634 1166 2695 ἡγούμενον
1189 2635 1343 2692 Bth.
1430 2640 1470 2680 3.
1498 2639 1549 2690 A,
1579 2637 1620 2678 E
1648 2634 1700 2679 Β.
1778 2640 1819 2680 4.
1855 2632 1952 2679 εἰσί

246 2697 349 2752 Vq).
405 2694 520 2753 ἄρα·
562 2695 612 2740 οἵ
638 2695 691 2741 δὲ
726 2693 971 2755 σύνθετοι]
1006 2712 1099 2754 mg.
1112 2713 1182 2770 φ.
1275 2700 1317 2740 ὅ.
1338 2691 1562 2767 πρώτου]
1596 2708 1684 2738 om
1717 2693 1766 2738 P.
1830 2694 1946 2738 Post

246 2771 529 2827 μετροννται
562 2756 666 2800 add.
701 2756 743 2800 V
774 2771 867 2812 mg.
900 2770 961 2802 m.
995 2761 1043 2800 2.
1079 2753 1128 2800 οἴ
1155 2759 1213 2810 A,
1254 2757 1296 2798 E
1327 2770 1422 2811 αρα
1463 2768 1558 2797 υπο
1598 2750 1785 2809 πρώτου
1817 2749 1945 2803 τινὸς

245 2811 458 2887 ἀριθμοῦ
502 2815 809 2870 μετροῦνται;
848 2813 974 2859 idem
1013 2815 1050 2858 Β
1090 2829 1184 2872 mg.
1225 2829 1286 2858 m.
1328 2818 1368 2857 2.
1495 2818 1535 2857 6.
1568 2812 1649 2856 καὶ
1681 2809 1868 2857 ἐπεί-
1894 2816 1941 2855 7:

248 2870 455 2932 ἑαυτοῦ]
496 2888 557 2918 m.
598 2878 624 2918 2
658 2873 713 2918 V.
839 2877 879 2918 7.
913 2872 1139 2931 μετρῆται
1180 2872 1240 2929 Ρ,
1283 2885 1399 2916 corr.
1440 2886 1501 2915 m.
1542 2884 1632 2916 rec.
1756 2875 1797 2915 8.
1828 2871 1944 2914 Post
