1988 3152
53 1013 107 1054 10

53 1464 107 1506 15

45 1952 108 1993 20

142 79 254 132 422
828 82 1145 125 APPENDIX.

139 199 235 254 καὶ
289 198 654 270 παραβληθὲν
701 196 764 253 τὸ
812 204 926 253 ΑΛ
974 200 1227 255 ἐλλεῖπον
1275 202 1411 255 εἴδει
1456 201 1531 274 τῷ
1574 204 1708 268 ΛΒ,
1749 198 1842 253 καὶ

140 289 592 361 παραβεβλήσθω
632 286 802 343 πάλιν
840 286 990 359 παρὰ
1029 286 1131 359 τὴν
1171 294 1281 343 ΑΒ
1319 285 1382 343 τὸ
1423 294 1539 343 ΑΕ
1566 293 1843 358 παραλλη-

141 376 468 447 λόγραμμον
524 377 777 431 ἐλλεῖπον
831 378 907 452 τῷ
964 381 1072 430 ΕΒ
1136 372 1310 451 ὁμοίῳ
1373 396 1430 431 τε
1483 375 1576 430 καὶ
1639 373 1843 447 ὁμοίως

141 465 374 539 κειμένῳ
427 466 502 540 τῷ
559 462 670 520 ἀπὸ
726 466 823 535 τῆς
879 461 1134 535 ἡμισείας
1186 467 1262 540 τῷ
1319 470 1444 520 ΛΒ.
1535 465 1703 536 λέγω,
1759 463 1843 520 ὅτι

142 551 330 624 μεῖζόν
371 554 484 607 ἐστι
523 550 585 608 τὸ
626 549 734 607 ἀπὸ
773 554 870 623 τῆς
911 549 1166 623 ἡμισείας
1212 551 1578 625 παραβληθὲν
1626 551 1688 608 τὸ
1730 560 1842 608 ΑΛ

144 643 247 697 τοῦ
287 646 412 696 ΑΕ.

247 726 397 784 Ἰὢτεὶ
443 727 552 800 γὰρ
601 728 800 801 ὅμοιόν
851 732 964 786 ἐστι
1011 727 1072 784 τὸ
1122 734 1226 784 ΕΒ
1273 732 1348 805 τῷ
1392 735 1526 800 ΛΒ,
1568 731 1693 802 περὶ
1741 728 1842 802 τὴν

140 815 320 888 αὐτήν
368 820 476 873 εἰσι
517 817 831 890 διάμετρον.
909 822 1047 873 ἔστω
1097 814 1283 873 αὐτῶν
1325 817 1618 890 διάμετρος
1664 816 1698 890 ἡ
1739 824 1843 874 ΕΒ

138 906 229 962 καὶ
276 905 727 979 καταγεγράφθω
774 906 836 962 τὸ
887 910 1083 979 σχῆμα.
1160 907 1252 961 καὶ
1305 908 1420 963 ἐπεὶ
1461 914 1587 963 ἴσον
1628 907 1742 964 ἐστὶ
1781 905 1843 963 τὸ

141 999 247 1050 ΛΖ
285 998 360 1071 τῷ
403 1001 535 1066 ΛΘ,
577 995 691 1051 ἐπεὶ
730 995 823 1050 καὶ
862 993 896 1066 ἡ
939 999 1060 1050 ΖΗ
1091 998 1155 1068 τῇ
1205 1000 1342 1066 ΗΘ,
1390 1001 1576 1067 μεῖζον
1627 994 1735 1068 ἄρα
1782 995 1843 1051 τὸ

139 1089 246 1139 ΛΖ
283 1087 387 1140 τοῦ
427 1090 557 1139 ΚΕ.
635 1090 761 1140 ἴσον
809 1082 871 1139 δὲ
918 1082 971 1139 τί
1024 1089 1131 1138 ΛΖ
1169 1087 1244 1160 τῷ
1290 1090 1420 1139 ΔΛ.
1499 1090 1684 1156 μεῖζον
1736 1082 1844 1156 ἄρα

138 1171 231 1227 καὶ
277 1170 340 1228 τὸ
391 1178 507 1228 ΔΛ
552 1175 652 1229 τοῦ
701 1179 830 1229 ΕΚ.
907 1171 1104 1228 κοινὸν
1157 1177 1557 1245 [προσκείσθω]
1607 1172 1670 1230 τὸ
1711 1179 1767 1228 Κ
1777 1180 1843 1229 Δ.

140 1259 275 1318 ὅλον
311 1255 432 1334 ’ἄρα
477 1259 540 1317 τὸ
587 1267 701 1317 ΑΛ
752 1260 890 1318 ὅλου
939 1265 1041 1317 τοῦ
1089 1268 1203 1316 ΑΕ
1245 1261 1431 1333 μεῖζόν
1480 1264 1652 1318 ἐστιν·
1710 1260 1843 1333 ὅπερ

140 1353 254 1406 ἔδει
294 1350 486 1417 δεῖξαι.

878 1455 980 1525 VI,
1021 1455 1108 1509 30.

861 1568 1124 1637 ’Ἀλλωςκ

233 1673 416 1731 ’Ἑστω
467 1673 502 1747 ἡ
545 1678 782 1731 δοθεῖσα
830 1672 1028 1730 εὐθεῖα
1074 1671 1108 1745 ἡ
1151 1681 1276 1730 ΑΒ.
1354 1678 1443 1730 δεῖ
1480 1673 1548 1746 δὴ
1590 1673 1694 1746 τὴν
1736 1681 1844 1730 ΑΒ

139 1762 316 1838 ἄκρον
354 1764 448 1819 καὶ
488 1764 662 1836 μέσον
702 1764 876 1835 λόγον
916 1775 1116 1835 τεμεῖν.

257 1853 563 1925 Τετμήσθω
619 1851 723 1924 γὰρ
780 1852 811 1923 ἡ
864 1858 972 1907 ΑΒ
1026 1851 1164 1907 κατὰ
1219 1851 1281 1909 τὸ
1330 1857 1383 1907 Γ
1431 1851 1571 1908 ὥστε
1623 1851 1685 1907 τὸ
1733 1850 1843 1907 ὑπὸ

141 1944 254 1998 τῶν
294 1948 428 2012 AB,
463 1946 573 1997 ΒΓ
605 1948 731 1996 ἴσον
771 1937 917 1996 εἶναι
957 1943 1032 2013 τῷ
1074 1939 1182 1996 ἀπὸ
1222 1943 1322 2012 τῆς
1360 1944 1460 1995 ΓΑ
1500 1939 1844 2016 τετραγώνῳ.

127 2030 258 2086 -ἐπεὶ
298 2023 402 2087 οὖν
441 2029 503 2086 τὸ
543 2028 654 2086 ὑπὸ
695 2033 808 2086 τῶν
847 2036 982 2100 ΑΒ,
1016 2034 1125 2085 ΒΓ
1165 2036 1292 2085 ἴσον
1333 2029 1446 2085 ἐστὶ
1485 2031 1560 2104 τῷ
1601 2027 1709 2084 ἀπὸ
1749 2033 1845 2101 τῆς

141 2123 267 2189 ΓΛ,
323 2123 476 2174 ἔστιν
532 2118 640 2191 ἄρα
689 2116 762 2184 ὡς
816 2115 850 2190 ἡ
900 2124 1012 2174 ΒΑ
1059 2116 1198 2191 πρὸς
1248 2116 1351 2189 τὴν
1399 2122 1531 2189 ΑΓ,
1586 2115 1763 2183 οὕτως
1809 2115 1843 2189 ἡ

142 2211 256 2263 ΑΓ
302 2206 443 2281 πρὸς
498 2204 602 2278 τὴν
654 2211 775 2264 ΓΒ.
858 2203 892 2278 ἡ
959 2212 1067 2262 ΑΒ
1124 2204 1232 2279 ἄρα
1285 2205 1463 2278 ἄκρον
1517 2206 1610 2261 καὶ
1674 2207 1844 2277 μέσον

137 2295 314 2367 λόγον
354 2296 611 2367 τέτμηται
650 2294 786 2350 κατὰ
825 2294 889 2351 τὸ
932 2300 998 2351 Γ’
1041 2295 1176 2367 ὅπερ
1218 2298 1331 2350 ἔδει
1369 2303 1612 2366 ποιῆσαι.

265 2449 302 2487 1.
334 2444 448 2502 ΛΒ]
482 2447 564 2487 ΑΒ
598 2460 633 2500 φ
666 2445 776 2501 (non
806 2444 875 2500 F).
1030 2448 1072 2488 2.
1104 2445 1219 2500 AE]
1255 2445 1350 2488 ΔΘ
1381 2455 1497 2489 corr.
1532 2457 1589 2487 ex
1620 2445 1707 2487 ΑΘ
1739 2442 1838 2489 FV.

139 2507 183 2547 3.
216 2502 308 2563 τῷ]
342 2500 395 2547 τό
428 2503 477 2547 F.
623 2508 664 2550 4.
698 2503 760 2563 τῷ
794 2502 907 2560 ΛΒ]
942 2502 1087 2560 PBp3
1120 2505 1286 2548 mutat.
1320 2502 1371 2547 in
1401 2503 1482 2559 τῆς
1513 2505 1598 2546 AB
1629 2517 1689 2547 m.
1724 2508 1750 2546 2
1783 2503 1843 2555 1⁴¹3

140 2561 225 2618 τῆς
265 2565 347 2606 ΒΑ
387 2563 546 2619 (supra
586 2564 658 2607 est
694 2564 804 2619 ras.)
842 2563 906 2622 τῷ
949 2565 1035 2607 ΛΒ
1069 2562 1123 2606 V.
1278 2567 1347 2607 10.
1380 2562 1491 2620 ΛΖ]
1526 2575 1642 2607 corr.
1677 2576 1733 2606 ex
1764 2565 1845 2606 AZ

140 2636 204 2665 m.
235 2634 327 2666 reo.
360 2619 410 2665 F.
548 2626 615 2666 11.
650 2621 770 2680 ΚΕ]
802 2621 851 2666 in
881 2634 969 2666 ras.
1003 2637 1063 2666 m.
1097 2625 1123 2664 2
1156 2620 1211 2666 V.
1349 2622 1451 2665 ἴσον
1484 2620 1537 2665 δέ
1565 2647 1619 2652 -
1650 2625 1726 2666 12:
1759 2621 1844 2665 τοῦ

144 2680 265 2738 ΕΚ]
298 2678 370 2725 bis
401 2680 477 2738 Bp
511 2682 559 2725 et
589 2681 631 2725 V
662 2696 754 2738 mg.
788 2695 848 2726 m.
882 2686 922 2725 2.
1048 2685 1118 2725 12.
1152 2680 1261 2739 καί]
1295 2694 1435 2737 supra
1465 2695 1527 2724 m.
1555 2684 1577 2723 1
1611 2695 1642 2737 p
1675 2680 1845 2738 (priore

142 2739 268 2796 loco,
299 2738 351 2782 in
381 2739 662 2797 repessitione
696 2741 744 2784 in
776 2741 909 2785 textu
933 2740 1036 2796 θείς).
1128 2740 1425 2797 προσκείσθω
1487 2739 1584 2796 Pp3
1619 2753 1710 2785 om.
1737 2739 1843 2795 BF;

146 2796 260 2843 ἔστω
294 2799 349 2844 V.
503 2803 572 2844 15.
605 2798 839 2857 PBFVp.
996 2804 1065 2845 16.
1099 2795 1272 2856 ἄλλως]
1305 2813 1400 2856 mg.
1477 2813 1528 2855 p,
1561 2797 1704 2844 iidem
1737 2797 1844 2843 add.

141 2853 213 2902 λε’
250 2857 317 2915 (in
342 2857 378 2901 F
402 2858 492 2903 del.
525 2874 586 2905 m.
619 2859 743 2915 rec.).
868 2863 935 2903 17.
968 2858 1054 2915 τὴν
1086 2863 1122 2903 A
1134 2861 1168 2904 B
1203 2854 1404 2904 εὐθεῖαν
1437 2856 1537 2902 FV.
1638 2863 1710 2903 20.
1737 2857 1840 2915 ΓΑ]
