1988 3152
146 1067 200 1106 10

145 1521 197 1560 15

141 2051 198 2091 20

139 2493 195 2534 25

238 125 347 176 174
871 122 1207 165 ΣΤοῙΧΕΙῼΝ
1238 117 1306 166 ς’.

234 241 373 313 πρὸς
425 241 529 313 τὴν
579 248 716 309 ΒΔ,
773 240 950 305 οὕτως
1003 238 1064 295 τὸ
1121 238 1230 295 ἀπὸ
1287 243 1384 311 τῆς
1434 245 1536 295 ΓΒ
1591 237 1740 307 εἶδος
1791 241 1932 313 πρὸς

233 330 295 387 τὸ
347 329 453 385 ἀπὸ
502 334 600 401 τῆς
650 336 761 384 BA
806 327 868 384 τὸ
910 329 1110 400 ὅμοιον
1148 330 1240 384 καὶ
1293 329 1499 400 ὁμοίως
1538 328 1929 402 ἀναγραφόμε-

233 441 353 475 νον.
438 417 533 473 διὰ
580 417 647 473 τὰ
697 415 839 473 αὐτὰ
891 415 961 489 δὴ
1007 418 1099 472 καὶ
1149 418 1223 483 ὡς
1269 417 1303 488 ἡ
1345 421 1456 472 ΒΓ
1485 417 1625 491 πρὸς
1662 417 1766 490 τὴν
1807 423 1929 489 ΓΔ,

235 505 411 572 οὕτως
465 505 526 561 τὸ
576 504 685 562 ἀπὸ
735 509 832 578 τῆς
876 510 989 561 ΒΓ
1027 503 1176 572 εἶδος
1222 504 1360 578 πρὸς
1405 504 1466 561 τὸ
1515 504 1624 562 ἀπὸ
1673 510 1769 578 τῆς
1808 512 1929 564 ΓΑ.

234 592 374 650 ὥστε
412 595 504 650 καὶ
545 595 620 662 ὥς
660 595 693 666 ἡ
733 601 844 651 ΒΓ
875 594 1016 665 πρὸς
1053 593 1150 660 τὰς
1183 600 1313 664 ΒΔ,
1348 600 1474 665 ΔΓ,
1517 595 1693 661 οὕτως
1723 595 1785 651 τὸ
1819 595 1930 651 ἀπὸ

232 691 329 753 τῆς
375 687 486 738 ΒΓ
524 681 674 750 εἶδος
722 683 863 757 πρὸς
908 683 975 739 τὰ
1024 682 1132 739 ἀπὸ
1180 687 1293 738 τῶν
1335 689 1464 753 BA,
1498 689 1612 739 ΑΓ
1655 683 1721 739 τὰ
1764 685 1929 756 ὅμοια

231 771 325 826 καὶ
379 771 587 843 ὁμοίως
625 769 1080 843 ἀναγραφόμενα.
1158 778 1250 843 ἴση
1299 771 1363 827 δὲ
1407 771 1441 843 ἡ
1491 777 1602 827 ΒΓ
1640 784 1759 838 ταῖς
1797 779 1930 843 ΒΔ,

234 865 364 916 ΔΓ·
422 867 548 916 ἴσον
595 858 705 931 ἄρα
751 860 844 915 καὶ
890 858 952 915 τὸ
1001 858 1110 915 ἀπὸ
1158 864 1256 932 τῆς
1305 865 1417 916 ΒΓ
1458 859 1609 925 εἶδος
1656 872 1773 926 τοῖς
1818 860 1927 916 ἀπὸ

231 952 345 1004 τῶν
383 954 520 1018 BA,
552 953 671 1004 ΑΓ
701 952 875 1005 εἴδεσι
912 959 1030 1014 τοῖς
1069 949 1286 1020 ὁμοίοις
1322 972 1380 1006 τε
1418 951 1510 1005 καὶ
1551 948 1758 1020 ὁμοίως
1798 947 1929 1005 ἄνα-

231 1038 622 1110 γραφομένοις.

340 1125 435 1182 Ἐν
481 1125 592 1197 ἄρα
637 1137 755 1193 τοῖς
802 1123 1178 1198 ὀρθογωνίοις
1223 1126 1517 1199 τριγώνοις
1565 1127 1626 1183 τὸ
1676 1126 1785 1184 ἀπὸ
1833 1131 1932 1199 τῆς

230 1214 335 1286 τὴν
385 1213 571 1287 ὀρθὴν
622 1220 836 1287 γωνίαν
883 1215 1289 1287 ὑποτεινούσης
1334 1219 1576 1286 πλευρᾶς
1615 1213 1764 1282 εἶδος
1804 1222 1928 1271 ἴσον

233 1305 348 1361 ἐστὶ
394 1314 511 1370 τοῖς
565 1301 674 1360 ἀπὸ
721 1309 836 1361 τῶν
885 1303 991 1375 τὴν
1042 1302 1230 1375 ὀρθὴν
1284 1309 1498 1375 γωνίαν
1552 1308 1932 1377 περιεχουσῶν

230 1398 490 1463 πλευρῶν
529 1396 701 1449 εἴδεσι
739 1405 856 1459 τοῖς
895 1391 1112 1464 ὁμοίοις
1149 1414 1206 1448 τε
1245 1394 1337 1448 καὶ
1371 1393 1577 1464 ὁμοίως
1609 1391 1929 1465 ἀναγραφο-

232 1483 442 1554 μένοις·
498 1480 633 1553 ὅπερ
675 1484 788 1536 ἔδει
828 1482 1018 1547 δεῖξαι.

1020 1642 1133 1713 λβ’.

339 1745 484 1804 Ἐὰν
533 1746 654 1811 δύο
702 1751 994 1818 τρίγωνα
1042 1750 1335 1820 συντεθῇ
1392 1746 1555 1803 κατὰ
1609 1751 1767 1818 μίαν
1814 1770 1932 1819 γω·

230 1842 384 1894 νίαν
422 1834 536 1901 τὰς
575 1834 695 1891 δύο
736 1834 1022 1906 πλευρὰς
1061 1847 1203 1901 ταῖς
1243 1837 1396 1892 δυσὶ
1428 1843 1744 1908 πλευραῖς
1775 1834 1929 1892 ἄνᾶ-

230 1931 431 1997 λογον
465 1929 699 1996 ἔχοντα
750 1924 911 1980 ὥστε
954 1922 1064 1990 τὰς
1097 1923 1465 1995 ὁμολόγους
1496 1922 1712 1980 αὐτῶν
1736 1931 1929 1980 πλευ-

231 2013 348 2087 ράς
378 2014 486 2069 καὶ
517 2012 986 2086 παραλλήλους
1018 2010 1221 2082 εἶναι,
1255 2015 1325 2067 αί
1360 2013 1586 2069 λοιπαὶ
1626 2017 1754 2070 τῶν
1793 2035 1929 2086 τρι-

230 2104 460 2174 γώνων
499 2102 778 2173 πλευραὶ
819 2099 910 2157 ἐπ’
956 2099 1228 2167 εὐθείας
1268 2105 1550 2157 ἔσονται.

326 2190 507 2246 ’Έστω
549 2190 654 2247 δύο
694 2195 941 2262 τρίγωνα
980 2189 1046 2245 τὰ
1085 2195 1268 2260 ΑΒΓ,
1303 2194 1476 2245 ΔΓΕ
1501 2188 1597 2257 τὰς
1629 2189 1734 2246 δύο
1766 2195 1929 2246 πλευ-
1981 2200 1988 2245 .’

230 2279 332 2353 ράς
376 2279 474 2345 τὰς
519 2285 655 2350 BA,
690 2285 804 2336 ΑΓ
843 2291 963 2346 ταῖς
1013 2280 1144 2335 δυσὶ
1184 2285 1447 2351 πλευραῖς
1485 2290 1603 2345 ταῖς
1643 2283 1778 2350 ΛΓ,
1812 2285 1988 2348 ΔΕ

229 2367 514 2439 ἀναλογον
569 2373 792 2440 ἔχοντα,
848 2391 922 2434 ως
976 2367 1078 2439 μὲν
1131 2366 1235 2439 τὴν
1289 2373 1396 2422 AB
1451 2366 1591 2439 πρὸς
1642 2366 1745 2438 τὴν
1801 2372 1925 2437 ΑΓ,
1977 2358 1988 2422 ιΙ

230 2456 406 2523 οὕτως
458 2456 561 2527 τὴν
610 2462 728 2513 ΔΓ
766 2455 905 2528 πρὸς
958 2455 1061 2527 τὴν
1110 2462 1250 2527 ΔΕ,
1304 2455 1662 2527 παράλληλον
1714 2455 1776 2511 δὲ
1822 2455 1928 2527 τὴν
1974 2445 1978 2452 ⁴

347 2611 389 2651 2.
422 2600 851 2662 ἀναγραφόμενον]
879 2621 977 2662 -γρ-
1002 2603 1052 2649 in
1075 2617 1164 2649 ras.
1191 2621 1242 2660 φ.
1334 2608 1377 2650 4.
1400 2600 1452 2648 τὸ
1481 2600 1578 2648 ἀπὸ
1596 2604 1680 2661 τῆς
1699 2606 1857 2647 ΓΑ-
1877 2609 1925 2648 6:

229 2663 356 2717 εἶδος
385 2663 524 2723 πρός]
560 2679 648 2709 om.
681 2679 726 2721 p
879 2669 919 2709 5.
953 2667 1064 2719 BA,
1098 2663 1218 2722 ΔΓ]
1253 2667 1364 2719 ΔΒ,
1397 2666 1496 2707 ΛΓ
1523 2680 1574 2720 φ.
1728 2668 1768 2707 6.
1808 2662 1979 2720 τῶν]

227 2725 310 2781 τῆς
341 2741 390 2781 φ.
515 2730 555 2769 9.
588 2725 699 2782 ΒΑ]
734 2729 770 2767 Α
803 2736 828 2767 e
860 2737 974 2768 corr.
1008 2739 1070 2767 m.
1103 2729 1130 2768 2
1154 2722 1211 2767 V.
1273 2723 1451 2767 εἴδεσιν
1473 2723 1522 2767 Ρ.
1647 2717 1923 2778 ἄναγραφο·
1983 2739 1985 2742 ’

228 2782 369 2841 μένος
399 2782 504 2853 (sic)
535 2783 588 2827 P.
711 2787 780 2827 11.
814 2778 866 2826 ἐν
897 2778 1019 2841 αρα]
1058 2782 1108 2826 in
1146 2795 1233 2827 rae.
1274 2784 1384 2839 post
1412 2795 1500 2827 ras.
1535 2787 1561 2826 3
1593 2781 1684 2826 litt.
1718 2796 1778 2825 m.
1817 2785 1838 2824 1
1871 2781 1923 2824 B.

286 2839 555 2899 τριγώνοις]
605 2856 693 2887 om.
741 2857 786 2899 p.
942 2846 1011 2886 13.
1054 2839 1171 2900 ἐστι]
1211 2845 1315 2891 ταῖς
1354 2858 1405 2898 φ.
1560 2846 1630 2885 14.
1664 2841 1842 2885 εἴδεσιν
1873 2839 1923 2883 Ρ.
1974 2858 1978 2865 ’

229 2900 449 2959 Sequitur
480 2901 575 2946 alia
606 2899 968 2956 demonstratio,
1000 2916 1044 2944 u.
1079 2915 1188 2958 app.
1295 2905 1363 2945 16.
1396 2898 1470 2956 λη’
1505 2900 1540 2944 F
1565 2915 1611 2957 p.
1715 2903 1784 2943 17.
1817 2913 1924 2942 συν-
