1988 3152
144 711 171 753 6

113 1155 166 1197 10

108 1599 162 1641 15

101 2045 160 2086 20

209 168 319 222 210
842 169 1179 212 ΣΤΟΙΧΕΙΩΝ
1211 165 1270 222 ςέ

206 291 310 344 τοῦ
363 292 480 343 ΓΔ.
570 293 688 352 ἴσος
744 285 806 342 δὲ
860 285 1284 357 συναμφότερος
1336 286 1438 358 μὲν
1494 309 1524 342 ο
1579 293 1738 358 ΜΚ,
1785 294 1904 344 ΝΘ

203 376 281 452 ’τῷ
337 382 467 445 ΕΒ,
524 374 554 431 6
601 374 663 430 δὲ
710 379 834 429 ΘΗ
868 377 946 448 τῷ
991 379 1122 430 ΒΑ·
1175 374 1269 429 καὶ
1315 374 1510 441 λοιπὸς
1556 374 1665 448 ἄρα
1714 374 1743 432 6
1797 383 1902 432 ΕΒ

205 466 407 520 λοιποῦ
451 465 556 519 τοῦ
610 469 723 518 ΖΔ
774 461 842 518 τὰ
889 460 1030 518 αὐτὰ
1078 464 1216 535 μέρη
1265 463 1442 533 ἐστίν,
1496 461 1636 536 ἅπερ
1685 462 1815 530 ὅλος
1870 463 1900 520 6

204 557 314 607 AB
355 549 494 607 ὅλου
529 554 632 607 τοῦ
673 555 797 606 ΓΔ·
838 551 973 623 ὅπερ
1014 554 1127 607 ἔδει
1168 552 1356 617 δεῖξαι.

1007 697 1090 755 θ’.

308 786 456 844 Ἐὰν
503 785 790 859 ἀριθμὸς
837 783 1132 859 ἀριθμοῦ
1179 789 1375 860 μέρος
1422 781 1483 860 ᾗ,
1531 787 1638 842 καὶ
1678 788 1900 861 ἕτερος

201 877 431 950 ἑτέρου
468 876 539 933 τὸ
581 875 739 932 αὐτὸ
781 876 976 948 μέρος
1015 867 1078 948 ᾖ,
1125 875 1234 930 καὶ
1275 875 1585 946 ἐναλλάξ,
1634 873 1664 931 ὃ
1705 877 1900 947 μέρος

201 966 381 1021 ἐστὶν
436 962 470 1037 ἢ
526 967 686 1038 μέρη
745 963 774 1020 6
830 967 1085 1037 πρῶτος
1137 966 1254 1019 τοῦ
1305 969 1560 1036 τρίτου,
1615 963 1686 1021 τὸ
1738 964 1895 1022 αὐτὸ

199 1056 394 1126 μέρος
448 1059 630 1110 ἔσται
685 1049 720 1125 ἢ
775 1050 850 1108 τὰ
907 1049 1071 1108 αὐτὰ
1126 1053 1287 1125 μέρη
1342 1053 1450 1108 καὶ
1499 1050 1528 1109 6
1587 1053 1897 1128 δεύτερος

197 1147 312 1199 τοί
353 1142 688 1215 τετάρτου.

305 1230 567 1304 Ἀριθμὸς
612 1230 721 1303 γὰρ
773 1227 803 1286 6
844 1238 897 1285 A
936 1227 1189 1302 ἀριθμοῦ
1234 1233 1337 1285 τοῦ
1376 1235 1486 1285 ΒΓ
1525 1231 1691 1303 μέρος
1736 1237 1895 1305 ἔστω,

195 1321 287 1377 καὶ
327 1323 511 1395 ἔτερος
551 1319 581 1376 6
622 1327 678 1375 A
718 1320 910 1392 ἑτέρου
948 1322 1050 1374 τοΐ
1092 1325 1196 1374 ΕΖ
1227 1316 1289 1375 τὸ
1331 1316 1468 1374 αὐτὸ
1518 1319 1708 1391 μέρος,
1758 1318 1894 1394 ὅπερ

197 1408 226 1466 6
266 1418 320 1465 A
357 1414 463 1466 τοῦ
500 1413 625 1466 ΒΓ·
672 1409 842 1479 λέγω,
890 1407 976 1464 ὅτι
1014 1408 1108 1464 καὶ
1148 1406 1410 1479 ἐναλλάξ,
1458 1404 1488 1463 ὃ
1538 1409 1704 1482 μέρος
1743 1410 1894 1467 ἐστὶν

195 1495 225 1554 6
275 1506 328 1554 A
372 1501 473 1554 τοῦ
523 1505 578 1553 A
622 1493 657 1568 ἢ
705 1497 869 1568 μέρη,
922 1495 984 1551 τὸ
1034 1494 1172 1552 αὐτὸ
1220 1496 1387 1569 μέρος
1435 1497 1548 1552 ἐστὶ
1587 1497 1680 1553 καὶ
1722 1496 1751 1554 6
1791 1505 1902 1555 ΒΓ

193 1590 295 1642 τοῦ
337 1593 439 1642 ΕΖ
479 1583 513 1658 ἢ
554 1587 709 1659 μέρη.

303 1674 451 1732 Ἐπεὶ
506 1674 614 1747 γὰρ
663 1672 693 1730 ὃ
749 1673 916 1747 μέρος
963 1674 1113 1729 ἐστὶν
1162 1669 1192 1729 6
1232 1680 1286 1728 A
1323 1676 1424 1729 τοῦ
1464 1679 1593 1745 ΒΓ,
1641 1697 1703 1731 το
1754 1674 1892 1733 αὐτὸ

192 1763 361 1836 μέρος
407 1765 520 1820 ἐστὶ
570 1764 663 1820 καὶ
716 1761 745 1819 6
788 1770 843 1818 A
879 1766 983 1818 τοῦ
1023 1768 1152 1832 ΕΖ,
1201 1759 1326 1817 ὅσοι
1373 1760 1484 1835 ἄρα
1530 1764 1673 1819 εἰσὶν
1713 1766 1774 1820 ἐν
1814 1768 1889 1841 τςῖ

191 1858 304 1908 ΒΓ
333 1850 570 1926 ἀριθμοὶ
595 1847 723 1908 ιἴσοι
762 1838 957 1928 τῷ”Α,
996 1853 1264 1906 τοσοῦτοί
1298 1854 1404 1907 εἰσι
1443 1852 1537 1906 καὶ
1578 1854 1639 1908 ἐν
1669 1855 1745 1929 τῷ
1786 1858 1891 1908 ΕΖ

192 1947 306 1997 ἴσοι
355 1945 430 2017 τῷ
488 1948 556 1997 A.
642 1939 939 2014 διῃρήσθω
997 1936 1025 1995 6
1082 1937 1186 2011 μὲν
1239 1944 1352 1995 ΒΓ
1397 1943 1476 2005 εἰς
1524 1938 1658 2005 τοὺς
1710 1943 1786 2017 τῷ
1837 1950 1890 1996 Α

192 2037 350 2096 ἴσους
386 2027 520 2094 τοὺς
558 2034 698 2101 ΒΗ,
731 2034 868 2100 ΗΓ,
910 2025 939 2084 6
982 2026 1047 2083 δὲ
1083 2032 1187 2082 ΕΖ
1228 2030 1306 2094 εἰς
1352 2026 1484 2094 τοὺς
1521 2031 1597 2104 τῷ
1638 2036 1693 2084 A
1733 2036 1891 2096 ἴσους

189 2118 321 2185 τούς
361 2125 490 2189 ΕΘ,
530 2125 653 2174 ΘΖ·
717 2121 871 2173 ἔσται
919 2114 989 2188 δὴ
1042 2121 1169 2171 ἴσον
1213 2114 1276 2171 τὸ
1323 2120 1543 2188 πλῆθος
1593 2121 1706 2174 τῶν
1755 2125 1886 2190 ΒΗ,

189 2212 308 2263 ΗΓ
339 2210 415 2283 τῷ
455 2206 661 2278 πλήθει
699 2210 814 2262 τῶν
853 2211 982 2276 ΕΘ,
1017 2210 1134 2260 ΘΖ.

301 2295 415 2350 Καὶ
463 2296 578 2352 ἐπεὶ
634 2302 746 2351 ἴσοι
794 2294 938 2351 εἰσὶν
987 2295 1046 2350 οἰ
1092 2298 1232 2364 ΒΗ,
1263 2298 1383 2349 ΗΓ
1430 2292 1666 2367 ἀριθμοὶ
1722 2292 1884 2367 ἀλλή-

187 2389 332 2455 λοις,
386 2384 492 2439 εἰσὶ
533 2383 595 2440 δὲ
632 2383 726 2439 καὶ
767 2386 826 2440 οἱ
862 2389 990 2454 ΕΘ,
1023 2388 1126 2438 ΘΖ
1177 2379 1412 2454 ἀριθμοὶ
1453 2390 1565 2438 ἴσοι
1603 2382 1883 2455 ἀλλήλοις,

310 2538 348 2577 1.
383 2533 494 2591 ΓΔ]
529 2535 627 2576 ΔΓ
652 2531 748 2576 BF.
864 2529 952 2590 δέ]
985 2529 1028 2574 V
1060 2543 1174 2576 corr.
1208 2543 1265 2575 ex
1296 2526 1377 2585 δής
1410 2526 1469 2587 δή
1501 2530 1686 2588 PBFp.
1795 2529 1882 2588 μὲν

187 2587 241 2663 ὃ]
275 2587 300 2637 ὃ
337 2590 425 2649 μέν
457 2592 513 2637 V.
634 2595 761 2647 MK,
793 2591 922 2649 ΝΘ]
962 2591 1127 2634 mutat.
1160 2589 1211 2633 in
1243 2591 1372 2644 HM,
1406 2592 1511 2633 KN
1538 2604 1597 2634 m.
1632 2595 1658 2635 2
1691 2589 1755 2645 V;
1786 2594 1880 2635 λοι-

185 2667 275 2702 πος
305 2647 400 2709 ἄρα
433 2647 458 2696 ὁ
491 2655 616 2707 ΜΚ,
651 2652 751 2695 ΝΘ
783 2650 846 2709 τῷ
880 2653 966 2694 ΕΒ
999 2651 1097 2701 ἴσος
1129 2643 1253 2693 ἐστίν
1284 2662 1378 2706 mg.
1410 2663 1471 2693 m.
1505 2654 1531 2693 2
1566 2648 1619 2692 V.
1714 2655 1754 2694 2.
1787 2650 1878 2710 τῷ]

186 2724 211 2755 e
245 2724 359 2756 corr.
392 2725 453 2755 m.
487 2715 509 2754 1
544 2709 594 2755 F.
687 2710 802 2768 ΕΒ]
837 2711 923 2753 ΒΕ
955 2708 998 2753 V
1028 2724 1089 2754 m.
1126 2713 1173 2764 l,
1206 2709 1292 2751 ΑΕ
1324 2723 1384 2751 m.
1418 2713 1458 2752 2.
1554 2709 1679 2767 ΘΗ]
1710 2710 1877 2765 ΘΝΡ.

185 2770 298 2828 ΒΑ]
333 2770 497 2814 mutat.
530 2769 580 2813 in
610 2772 720 2813 MK
746 2783 806 2813 m.
839 2782 930 2814 rec.
964 2784 1008 2826 p.
1102 2773 1142 2812 3.
1180 2766 1294 2834 ZA]
1329 2781 1443 2812 corr.
1477 2781 1533 2811 ex
1564 2771 1651 2811 AZ
1682 2783 1742 2811 m.
1769 2773 1795 2812 2
1821 2769 1877 2823 V,

186 2834 229 2872 A
239 2832 273 2872 Z
303 2828 352 2872 F.
475 2834 516 2873 6.
549 2827 663 2872 Post
695 2827 852 2885 ἕτερος
881 2841 972 2873 raS.
1006 2831 1032 2871 5
1063 2825 1173 2882 litu,
1206 2826 1315 2871 dem
1338 2827 1422 2870 τοῦ
1446 2823 1633 2883 πρώτου
1666 2828 1878 2884 μείζονος

183 2888 267 2933 τοῦ
302 2887 528 2945 δευτέρου
559 2887 745 2944 punctis
778 2887 867 2932 del.
900 2888 958 2941 F;
990 2887 1143 2932 totam
1180 2885 1394 2958 Brotasin
1424 2886 1512 2941 ita,
1554 2888 1607 2930 ut
1637 2886 1763 2943 apud
1794 2900 1877 2930 nos

183 2947 381 3005 legitur,
411 2947 463 2992 in
492 2962 585 3005 mg.
619 2946 794 3004 repetit
824 2962 884 2990 m.
920 2952 959 2991 2.
1108 2950 1146 2991 7.
1180 2944 1239 3003 ῃ]
1272 2945 1329 2998 Ρ;
1369 2958 1460 2991 om.
1501 2945 1688 3001 BFVp.
1834 2949 1875 2989 9.
