1988 3152
189 150 296 204 166
826 150 1162 194 ΣΤΟῙΧΕΙῼΝ
1191 146 1258 194 ς’.

299 269 417 326 ἐπεὶ
466 261 571 324 οὖν
620 274 748 324 ἴσον
794 267 910 324 ἐστὶ
955 266 1017 324 τὸ
1064 273 1187 323 ΒΗ
1223 279 1341 335 τοῖς
1390 274 1454 340 Γ,
1485 274 1637 339 ΚΜ,
1692 263 1773 325 ὧν
1819 270 1884 326 τὸ

185 363 314 414 ΗΠ
358 360 434 433 τῷ
481 362 621 411 ΚΜ
659 357 809 412 ἐστιν
857 363 1008 426 ἴσον,
1055 355 1249 423 λοιπὸς
1294 357 1404 430 ἄρα
1453 356 1482 414 ὅ
1535 365 1702 414 ΥΧΦ
1747 357 1885 430 γνῶ-

187 470 308 519 μων
356 449 530 520 λοιπῷ
578 448 654 521 τῷ
694 450 749 501 Γ
780 451 901 511 ἶσος
949 447 1114 501 ἐστίν.
1190 446 1283 501 καὶ
1332 447 1445 503 ε’πεὶ
1494 454 1620 503 ἴσον
1661 447 1774 503 ε’στὶ
1821 444 1881 502 τὸ

189 541 294 590 ΟΡ
332 537 408 608 τῷ
456 535 589 603 ΞΣ,
646 531 845 590 κοινὸν
891 539 1246 607 προσκείσθω
1295 534 1358 590 τὸ
1398 540 1532 591 ΠΒ·
1591 533 1728 592 ὅλον
1774 534 1885 606 ἄρα

126 633 152 673 5
185 622 248 679 τὸ
294 628 398 678 ΟΒ
439 619 550 696 ὅλῳ
589 626 664 697 τῷ
705 624 805 685 ΞΒ
846 629 972 678 ἴσον
1011 624 1176 680 ἐστίν.
1255 621 1401 679 άλλὰ
1441 622 1504 679 τὸ
1535 626 1636 686 ΞΒ
1667 627 1742 700 τῷ
1785 630 1889 680 ΤΕ

187 714 338 768 ἐστιν
386 719 537 782 ἴσον,
596 711 713 767 ἐπεὶ
759 712 852 767 καὶ
899 711 1108 785 πλευρὰ
1165 710 1200 784 ἡ
1251 719 1366 768 ΑΕ
1408 717 1619 786 πλευρᾷ
1666 717 1731 787 τῇ
1782 719 1885 769 ΕΒ

185 803 335 856 ἐστιν
377 806 492 871 ἴση’
531 800 626 855 καὶ
664 798 726 856 τὸ
767 805 875 855 ΤΕ
902 799 1012 872 ἄρα
1043 804 1117 876 τῷ
1154 806 1256 856 ΟΒ
1290 804 1439 857 ἐστιν
1471 809 1612 858 ἴσον.
1689 802 1885 859 κοινὸν

185 893 546 962 προσκείσθω
585 886 647 944 τὸ
688 890 817 951 ΞΣ·
868 885 1004 944 ὅλον
1044 888 1155 961 ἄρα
1192 888 1255 945 τὸ
1304 895 1412 945 ΤΣ
1446 890 1558 965 ὅλῳ
1598 894 1674 965 τῷ
1720 897 1892 947 ΦΧΥ

184 977 444 1049 γνώμονί
492 980 643 1034 ἐστιν
699 983 833 1034 ἴσον.
926 974 1042 1032 ἀλλ’
1103 975 1133 1034 ὁ
1198 984 1368 1034 ΦΧΥ
1416 978 1658 1051 γνώμων
1711 983 1787 1057 τῷ
1841 985 1894 1036 Γ

104 1074 158 1115 10
193 1067 421 1139 ἐδείχθη
462 1074 601 1131 ἴσος·
640 1065 733 1121 καὶ
771 1064 834 1121 τὸ
883 1070 991 1120 ΤΣ
1025 1063 1134 1137 ἄρα
1173 1069 1248 1142 τῷ
1288 1072 1341 1122 Γ
1374 1069 1523 1123 ἐστιν
1564 1075 1705 1125 ἴσον.

301 1153 469 1226 Παρὰ
533 1152 636 1226 τὴν
699 1157 972 1210 δοθεῖσαν
1034 1153 1145 1226 ἄρα
1207 1152 1440 1211 εὐθεῖαν
1491 1155 1593 1228 τὴν
1648 1164 1755 1213 ΑΒ
1809 1162 1882 1235 τῷ

185 1245 422 1300 δοθέντι
470 1240 853 1319 εὐθυγράμμῳ
900 1246 977 1319 τῷ
1025 1248 1079 1299 Γ
1118 1251 1244 1300 ἴσον
1299 1245 1881 1319 παραλληλόγραμμον

186 1334 599 1406 παραβέβληται
630 1330 693 1388 τὸ
726 1337 845 1387 ΣΤ
871 1333 1124 1388 ἐλλεῖπον
1157 1336 1293 1389 εἴδει
1324 1335 1882 1412 παραλληλογράμμῳ

183 1426 260 1498 τῷ
304 1427 416 1477 ΠΒ
458 1420 631 1497 ὁμοίῳ
674 1419 795 1476 ὄντι
834 1424 910 1497 τῷ
950 1428 1007 1476 Δ
1047 1421 1363 1493 [ἐπειδήπερ
1402 1421 1465 1479 τὸ
1507 1428 1619 1478 ΠΒ
1650 1427 1726 1500 τῷ
1758 1429 1890 1480 ΗΠ

99 1523 154 1564 15
190 1508 392 1582 ὅμοιόν
433 1513 629 1579 ἐστιν]·
671 1507 806 1580 ὅπερ
847 1512 960 1565 ἔδει
997 1514 1240 1581 ποιῆσαι.

970 1671 1086 1727 κθ’.

295 1776 487 1850 Παρὰ
550 1775 667 1848 τὴν
732 1779 1056 1831 δοθεῖσαν
1121 1778 1397 1833 εὐθεῖαν
1458 1781 1542 1854 τῷ
1607 1779 1883 1834 δοθέντι

103 1865 633 1978 εὐθυγράμμῳ
699 1872 845 1920 ἴσον
914 1865 1609 1937 παραλληλόγραμμον
1678 1886 1881 1938 παρα-

103 1940 415 2027 βαλεῖν
485 1953 900 2028 ὑπερβάλλον
978 1956 1145 2009 εῖδει
1222 1956 1879 2030 παραλληλογράμμῳ

184 2045 387 2121 ομοίῳ
427 2047 510 2120 τῷ
553 2044 839 2099 δοθέντι.

283 2131 466 2189 ’Ἑστω
506 2130 541 2203 ἡ
586 2131 687 2203 μὲν
729 2135 966 2187 δοθεῖσα
1005 2128 1200 2187 εὐθεῖα
1239 2128 1273 2202 ἡ
1315 2137 1447 2202 ΑΒ,
1495 2131 1557 2187 τὸ
1600 2131 1661 2187 δὲ
1703 2132 1882 2188 δοθὲν

186 2220 618 2293 εὐθύγραμμον,
667 2213 712 2296 ᾦ
754 2224 843 2276 δεῖ
880 2227 1006 2275 ἴσον
1045 2218 1192 2293 παρὰ
1233 2218 1337 2291 τὴν
1377 2225 1484 2275 ΑΒ
1523 2227 1881 2293 παραβαλεῖν,
1980 2291 1988 2294 Δ

180 2311 243 2368 τὸ
295 2315 360 2381 Γ,
416 2303 459 2385 ᾧ
509 2310 571 2366 δὲ
619 2313 707 2365 δεῖ
752 2307 950 2380 ὅμοιον
996 2306 1392 2381 ὑπερβάλλειν,
1438 2308 1500 2365 τὸ
1552 2316 1626 2364 Δ·
1676 2313 1765 2365 δεῖ
1809 2309 1878 2381 δὴ
1982 2343 1988 2352 =

184 2398 333 2472 παρὰ
371 2397 476 2470 τὴν
508 2405 561 2454 A
570 2404 616 2454 Β
647 2396 880 2476 εὐθεῖαν
912 2400 987 2472 τῷ
1019 2402 1073 2452 Γ
1098 2394 1476 2472 εὐθυγράμμῳ
1512 2405 1637 2453 ἴσον
1668 2405 1875 2471 παραλ-
1981 2386 1988 2422 ³

93 2498 150 2540 25
183 2487 581 2560 ληλόγραμμον
605 2491 950 2559 παραβαλεῖν
982 2484 1336 2559 ὑπερβάλλον
1368 2490 1503 2542 εἴδει
1535 2494 1880 2559 παραλληλο-
1976 2479 1988 2490 ”

182 2577 418 2651 γράμμῳ
461 2573 635 2649 ὁμοίῳ
675 2579 750 2651 τῷ
792 2582 861 2631 Δ.

306 2766 345 2806 1.
378 2759 498 2818 ΒΗ]
532 2760 583 2803 in
613 2773 702 2804 ras.
734 2775 795 2804 m.
830 2765 855 2804 2
888 2759 952 2813 V,
987 2762 1078 2803 ΗΒ
1109 2774 1157 2816 p.
1303 2764 1344 2804 2.
1378 2760 1479 2804 ἴσον
1513 2756 1638 2804 ἐστίν
1680 2775 1725 2818 p.
1789 2764 1879 2806 λοι·
1925 2805 1935 2813 ,

184 2818 277 2865 πόν
309 2819 358 2875 Ρ,
391 2833 506 2866 corr
538 2834 599 2862 m
632 2833 722 2863 reo.
850 2818 1018 2877 ΥΧΦ]
1057 2821 1199 2862 ΥΦΧ
1232 2817 1269 2861 Ρ
1299 2818 1353 2865 V.
1477 2824 1516 2864 3.
1552 2815 1677 2863 ἔστιν
1708 2820 1806 2871 ἴσος
1829 2820 1877 2866 F.

186 2876 333 2937 ἐστίν]
347 2854 471 2924 ἐστί
497 2877 551 2930 V,
585 2891 734 2934 comp.
768 2893 812 2934 p.
916 2874 1061 2951 ἐστι’]
1098 2874 1222 2922 ἐστίν
1254 2877 1303 2921 Ρ.
1428 2881 1469 2923 5.
1506 2878 1620 2936 OB]
1662 2891 1793 2924 enan.
1828 2879 1877 2924 F.

247 2943 287 2984 6.
322 2941 423 2982 ἴσον
467 2934 590 2981 ἐστίν
629 2935 681 2981 Β.
743 2935 865 2980 Ante
907 2933 1010 2981 ἔπει
1050 2937 1157 2982 add.
1191 2954 1247 2992 cp:
1293 2932 1381 2980 ἕπϊ.
1537 2942 1577 2982 7.
1611 2938 1723 2994 ΟΒ]
1760 2939 1800 2982 O
1830 2937 1879 2982 in
