<?xml version="1.0" encoding="UTF-8"?>
<!DOCTYPE html PUBLIC "-//W3C//DTD XHTML 1.0 Transitional//EN"
    "http://www.w3.org/TR/xhtml1/DTD/xhtml1-transitional.dtd">
<html xmlns="http://www.w3.org/1999/xhtml" xml:lang="en" lang="en">
 <head>
  <title>
</title>
<meta http-equiv="Content-Type" content="text/html;charset=utf-8" />
  <meta name='ocr-system' content='tesseract 3.04.00' />
  <meta name='ocr-capabilities' content='ocr_page ocr_carea ocr_par ocr_line ocrx_word'/>
</head>
<body>
  <div class='ocr_page' id='page_1' title='image "./euclidisoperaomn02eucluoft_0252.png"; bbox 0 0 1988 3152; ppageno 0'>
   <div class='ocr_carea' id='block_1_1' title="bbox 202 171 1260 239">
    <p class='ocr_par' dir='ltr' id='par_1_1' title="bbox 202 171 1260 239">
     <span class='ocr_line' id='line_1_1' title="bbox 202 171 1260 239; baseline -0.009 -14"><span class='ocrx_word' id='word_1_1' title='bbox 202 171 311 225; x_wconf 78' lang='lat'><strong><em>226</em></strong></span> <span class='ocrx_word' id='word_1_2' title='bbox 806 173 1172 239; x_wconf 62' lang='lat' dir='ltr'><strong><em>‚mommsen</em></strong></span> <span class='ocrx_word' id='word_1_3' title='bbox 1202 171 1260 226; x_wconf 69' lang='grc' dir='ltr'><strong><em>ζ’.</em></strong></span> 
     </span>
    </p>
   </div>
   <div class='ocr_carea' id='block_1_2' title="bbox 113 288 1907 1158">
    <p class='ocr_par' dir='ltr' id='par_1_2' title="bbox 199 288 1907 540">
     <span class='ocr_line' id='line_1_2' title="bbox 315 288 1907 362; baseline 0.002 -16"><span class='ocrx_word' id='word_1_4' title='bbox 315 290 441 346; x_wconf 84' lang='grc' dir='ltr'><strong><em>Δύο</em></strong></span> <span class='ocrx_word' id='word_1_5' title='bbox 490 290 600 361; x_wconf 77' lang='grc' dir='ltr'><strong><em>γὰρ</em></strong></span> <span class='ocrx_word' id='word_1_6' title='bbox 651 288 886 362; x_wconf 79' lang='grc' dir='ltr'><strong><em>ἀριθμοὶ</em></strong></span> <span class='ocrx_word' id='word_1_7' title='bbox 935 292 993 345; x_wconf 82' lang='grc' dir='ltr'><strong><em>οἱ</em></strong></span> <span class='ocrx_word' id='word_1_8' title='bbox 1035 298 1115 361; x_wconf 95' lang='lat' dir='ltr'><em>A,</em></span> <span class='ocrx_word' id='word_1_9' title='bbox 1147 296 1195 346; x_wconf 92' lang='grc' dir='ltr'><strong><em>Β</em></strong></span> <span class='ocrx_word' id='word_1_10' title='bbox 1243 288 1493 362; x_wconf 78' lang='grc' dir='ltr'><strong><em>ἀριθμόν</em></strong></span> <span class='ocrx_word' id='word_1_11' title='bbox 1538 298 1665 347; x_wconf 80' lang='grc' dir='ltr'><strong><em>’τινα</em></strong></span> <span class='ocrx_word' id='word_1_12' title='bbox 1709 290 1809 348; x_wconf 86' lang='grc' dir='ltr'><strong><em>τὸν</em></strong></span> <span class='ocrx_word' id='word_1_13' title='bbox 1854 298 1907 349; x_wconf 95' lang='grc' dir='ltr'>Γ</span> 
     </span>
     <span class='ocr_line' id='line_1_3' title="bbox 199 376 1900 450; baseline 0.002 -16"><span class='ocrx_word' id='word_1_14' title='bbox 199 377 789 443; x_wconf 78' lang='grc' dir='ltr'><strong><em>πολλαπλασιάσαντες</em></strong></span> <span class='ocrx_word' id='word_1_15' title='bbox 826 376 959 443; x_wconf 83' lang='grc' dir='ltr'><strong><em>τοὺς</em></strong></span> <span class='ocrx_word' id='word_1_16' title='bbox 990 385 1064 450; x_wconf 98' lang='lat' dir='ltr'><em>A,</em></span> <span class='ocrx_word' id='word_1_17' title='bbox 1097 385 1150 433; x_wconf 91' lang='grc' dir='ltr'><em>Ε</em></span> <span class='ocrx_word' id='word_1_18' title='bbox 1176 383 1532 436; x_wconf 81' lang='grc' dir='ltr'><strong><em>ποιείτωσαν·</em></strong></span> <span class='ocrx_word' id='word_1_19' title='bbox 1611 379 1770 450; x_wconf 79' lang='grc' dir='ltr'><strong><em>λέγω,</em></strong></span> <span class='ocrx_word' id='word_1_20' title='bbox 1815 379 1900 437; x_wconf 82' lang='grc' dir='ltr'><strong><em>ὅτι</em></strong></span> 
     </span>
     <span class='ocr_line' id='line_1_4' title="bbox 202 464 1900 540; baseline 0.002 -18"><span class='ocrx_word' id='word_1_21' title='bbox 202 468 353 522; x_wconf 84' lang='grc' dir='ltr'><strong><em>ἐστὶν</em></strong></span> <span class='ocrx_word' id='word_1_22' title='bbox 402 464 478 532; x_wconf 76' lang='grc' dir='ltr'><strong><em>ὡς</em></strong></span> <span class='ocrx_word' id='word_1_23' title='bbox 526 464 555 522; x_wconf 86' lang='grc' dir='ltr'>ὃ</span> <span class='ocrx_word' id='word_1_24' title='bbox 597 473 651 522; x_wconf 87' lang='lat' dir='ltr'><em>A</em></span> <span class='ocrx_word' id='word_1_25' title='bbox 696 466 835 539; x_wconf 89' lang='grc' dir='ltr'><strong><em>πρὸς</em></strong></span> <span class='ocrx_word' id='word_1_26' title='bbox 872 464 971 522; x_wconf 87' lang='grc' dir='ltr'><strong><em>τὸν</em></strong></span> <span class='ocrx_word' id='word_1_27' title='bbox 1009 472 1084 537; x_wconf 89' lang='grc' dir='ltr'><strong><em>Β,</em></strong></span> <span class='ocrx_word' id='word_1_28' title='bbox 1134 466 1312 532; x_wconf 77' lang='grc' dir='ltr'><strong><em>οὕτως</em></strong></span> <span class='ocrx_word' id='word_1_29' title='bbox 1358 464 1388 523; x_wconf 88' lang='grc' dir='ltr'>ὁ</span> <span class='ocrx_word' id='word_1_30' title='bbox 1431 474 1485 522; x_wconf 94' lang='lat' dir='ltr'><em>A</em></span> <span class='ocrx_word' id='word_1_31' title='bbox 1523 466 1660 540; x_wconf 89' lang='grc' dir='ltr'><strong><em>πρὸς</em></strong></span> <span class='ocrx_word' id='word_1_32' title='bbox 1696 468 1796 525; x_wconf 86' lang='grc' dir='ltr'><strong><em>τὸν</em></strong></span> <span class='ocrx_word' id='word_1_33' title='bbox 1837 477 1900 526; x_wconf 91' lang='grc' dir='ltr'><strong><em>Ε.</em></strong></span> 
     </span>
    </p>

    <p class='ocr_par' dir='ltr' id='par_1_3' title="bbox 310 552 1900 628">
     <span class='ocr_line' id='line_1_5' title="bbox 310 552 1900 628; baseline 0.001 -17"><span class='ocrx_word' id='word_1_34' title='bbox 310 554 459 611; x_wconf 81' lang='grc' dir='ltr'><strong><em>Ἐπεὶ</em></strong></span> <span class='ocrx_word' id='word_1_35' title='bbox 496 553 605 628; x_wconf 74' lang='grc' dir='ltr'><strong><em>γὰρ</em></strong></span> <span class='ocrx_word' id='word_1_36' title='bbox 647 552 677 611; x_wconf 87' lang='grc' dir='ltr'>ὁ</span> <span class='ocrx_word' id='word_1_37' title='bbox 718 563 771 610; x_wconf 92' lang='grc' dir='ltr'><em>Α</em></span> <span class='ocrx_word' id='word_1_38' title='bbox 808 554 910 611; x_wconf 86' lang='grc' dir='ltr'><strong><em>τὸν</em></strong></span> <span class='ocrx_word' id='word_1_39' title='bbox 950 560 1005 610; x_wconf 92' lang='grc' dir='ltr'>Γ</span> <span class='ocrx_word' id='word_1_40' title='bbox 1035 555 1526 622; x_wconf 77' lang='grc' dir='ltr'><strong><em>πολλαπλασιάσας</em></strong></span> <span class='ocrx_word' id='word_1_41' title='bbox 1570 556 1671 613; x_wconf 87' lang='grc' dir='ltr'><strong><em>τὸν</em></strong></span> <span class='ocrx_word' id='word_1_42' title='bbox 1708 564 1764 612; x_wconf 94' lang='lat' dir='ltr'><em>A</em></span> <span class='ocrx_word' id='word_1_43' title='bbox 1809 579 1900 614; x_wconf 89' lang='grc' dir='ltr'><strong><em>πε-</em></strong></span> 
     </span>
    </p>

    <p class='ocr_par' dir='ltr' id='par_1_4' title="bbox 145 641 1900 1069">
     <span class='ocr_line' id='line_1_6' title="bbox 145 641 1900 716; baseline 0.003 -21"><span class='ocrx_word' id='word_1_44' title='bbox 145 654 170 694; x_wconf 85' lang='grc'><strong>5</strong></span> <span class='ocrx_word' id='word_1_45' title='bbox 203 647 460 715; x_wconf 86' lang='grc' dir='ltr'><strong><em>ποίηκεν,</em></strong></span> <span class='ocrx_word' id='word_1_46' title='bbox 498 644 593 699; x_wconf 85' lang='grc' dir='ltr'><strong><em>καὶ</em></strong></span> <span class='ocrx_word' id='word_1_47' title='bbox 635 666 665 700; x_wconf 95' lang='grc' dir='ltr'><strong><em>ο</em></strong></span> <span class='ocrx_word' id='word_1_48' title='bbox 706 648 760 699; x_wconf 93' lang='grc' dir='ltr'><strong><em>Γ</em></strong></span> <span class='ocrx_word' id='word_1_49' title='bbox 792 641 902 716; x_wconf 75' lang='grc' dir='ltr'><strong><em>ἄρα</em></strong></span> <span class='ocrx_word' id='word_1_50' title='bbox 939 642 1040 698; x_wconf 86' lang='grc' dir='ltr'><strong><em>τὸν</em></strong></span> <span class='ocrx_word' id='word_1_51' title='bbox 1079 651 1133 698; x_wconf 94' lang='lat' dir='ltr'><em>A</em></span> <span class='ocrx_word' id='word_1_52' title='bbox 1172 645 1660 711; x_wconf 76' lang='grc' dir='ltr'><strong><em>πολλαπλασιάσας</em></strong></span> <span class='ocrx_word' id='word_1_53' title='bbox 1696 645 1796 701; x_wconf 89' lang='grc' dir='ltr'><strong><em>τὸν</em></strong></span> <span class='ocrx_word' id='word_1_54' title='bbox 1846 655 1900 701; x_wconf 96' lang='lat' dir='ltr'><em>A</em></span> 
     </span>
     <span class='ocr_line' id='line_1_7' title="bbox 198 729 1897 803; baseline 0.002 -17"><span class='ocrx_word' id='word_1_55' title='bbox 198 736 515 803; x_wconf 85' lang='grc' dir='ltr'><strong><em>πεποίηκεν.</em></strong></span> <span class='ocrx_word' id='word_1_56' title='bbox 599 730 694 787; x_wconf 78' lang='grc' dir='ltr'><strong><em>διὰ</em></strong></span> <span class='ocrx_word' id='word_1_57' title='bbox 741 730 808 786; x_wconf 81' lang='grc' dir='ltr'><strong><em>τὰ</em></strong></span> <span class='ocrx_word' id='word_1_58' title='bbox 856 729 996 798; x_wconf 77' lang='grc' dir='ltr'><strong><em>αὐτὰ</em></strong></span> <span class='ocrx_word' id='word_1_59' title='bbox 1047 729 1116 802; x_wconf 81' lang='grc' dir='ltr'><strong><em>δὴ</em></strong></span> <span class='ocrx_word' id='word_1_60' title='bbox 1163 732 1256 786; x_wconf 87' lang='grc' dir='ltr'><strong><em>καὶ</em></strong></span> <span class='ocrx_word' id='word_1_61' title='bbox 1307 730 1336 787; x_wconf 87' lang='grc' dir='ltr'>ὁ</span> <span class='ocrx_word' id='word_1_62' title='bbox 1377 737 1430 787; x_wconf 92' lang='grc' dir='ltr'>Γ</span> <span class='ocrx_word' id='word_1_63' title='bbox 1469 731 1569 789; x_wconf 84' lang='grc' dir='ltr'><strong><em>τὸν</em></strong></span> <span class='ocrx_word' id='word_1_64' title='bbox 1608 740 1656 789; x_wconf 92' lang='grc' dir='ltr'><strong><em>Β</em></strong></span> <span class='ocrx_word' id='word_1_65' title='bbox 1695 741 1897 790; x_wconf 91' lang='grc' dir='ltr'><strong><em>πολλα-</em></strong></span> 
     </span>
     <span class='ocr_line' id='line_1_8' title="bbox 199 818 1898 892; baseline 0.002 -17"><span class='ocrx_word' id='word_1_66' title='bbox 199 819 510 885; x_wconf 88' lang='grc' dir='ltr'><strong><em>πλασιάσας</em></strong></span> <span class='ocrx_word' id='word_1_67' title='bbox 553 819 656 876; x_wconf 81' lang='grc' dir='ltr'><strong><em>τὸν</em></strong></span> <span class='ocrx_word' id='word_1_68' title='bbox 702 826 756 875; x_wconf 91' lang='grc' dir='ltr'><em>Ε</em></span> <span class='ocrx_word' id='word_1_69' title='bbox 801 823 1116 890; x_wconf 87' lang='grc' dir='ltr'><strong><em>πεποίηκεν.</em></strong></span> <span class='ocrx_word' id='word_1_70' title='bbox 1194 818 1439 891; x_wconf 79' lang='grc' dir='ltr'><strong><em>ἀριθμὸς</em></strong></span> <span class='ocrx_word' id='word_1_71' title='bbox 1493 820 1562 892; x_wconf 81' lang='grc' dir='ltr'><strong><em>δὴ</em></strong></span> <span class='ocrx_word' id='word_1_72' title='bbox 1612 819 1642 877; x_wconf 84' lang='grc' dir='ltr'>ὀ</span> <span class='ocrx_word' id='word_1_73' title='bbox 1693 827 1747 877; x_wconf 95' lang='grc' dir='ltr'>Γ</span> <span class='ocrx_word' id='word_1_74' title='bbox 1794 823 1898 879; x_wconf 79' lang='grc' dir='ltr'><strong><em>δύο</em></strong></span> 
     </span>
     <span class='ocr_line' id='line_1_9' title="bbox 199 906 1899 980; baseline 0.002 -18"><span class='ocrx_word' id='word_1_75' title='bbox 199 906 484 980; x_wconf 78' lang='grc' dir='ltr'><strong><em>ἀριθμοὺς</em></strong></span> <span class='ocrx_word' id='word_1_76' title='bbox 521 906 655 973; x_wconf 84' lang='grc' dir='ltr'><strong><em>τοὺς</em></strong></span> <span class='ocrx_word' id='word_1_77' title='bbox 692 915 772 978; x_wconf 93' lang='lat' dir='ltr'><em>A,</em></span> <span class='ocrx_word' id='word_1_78' title='bbox 804 913 852 962; x_wconf 89' lang='grc' dir='ltr'><em>Β</em></span> <span class='ocrx_word' id='word_1_79' title='bbox 891 909 1379 974; x_wconf 78' lang='grc' dir='ltr'><strong><em>πολλαπλασιάσας</em></strong></span> <span class='ocrx_word' id='word_1_80' title='bbox 1424 907 1555 975; x_wconf 84' lang='grc' dir='ltr'><strong><em>τοὺς</em></strong></span> <span class='ocrx_word' id='word_1_81' title='bbox 1603 916 1682 980; x_wconf 95' lang='lat' dir='ltr'><em>A,</em></span> <span class='ocrx_word' id='word_1_82' title='bbox 1714 916 1768 964; x_wconf 90' lang='grc' dir='ltr'><em>Ε</em></span> <span class='ocrx_word' id='word_1_83' title='bbox 1808 931 1899 966; x_wconf 89' lang='grc' dir='ltr'><strong><em>πε-</em></strong></span> 
     </span>
     <span class='ocr_line' id='line_1_10' title="bbox 198 993 1896 1069; baseline 0.002 -18"><span class='ocrx_word' id='word_1_84' title='bbox 198 1001 446 1068; x_wconf 85' lang='grc' dir='ltr'><strong><em>ποίηκεν.</em></strong></span> <span class='ocrx_word' id='word_1_85' title='bbox 524 999 676 1052; x_wconf 80' lang='grc' dir='ltr'><strong><em>ἔστιν</em></strong></span> <span class='ocrx_word' id='word_1_86' title='bbox 731 993 841 1068; x_wconf 74' lang='grc' dir='ltr'><strong><em>ἄρα</em></strong></span> <span class='ocrx_word' id='word_1_87' title='bbox 888 993 964 1061; x_wconf 77' lang='grc' dir='ltr'><strong><em>ὡς</em></strong></span> <span class='ocrx_word' id='word_1_88' title='bbox 1010 993 1040 1051; x_wconf 84' lang='grc' dir='ltr'>ὁ</span> <span class='ocrx_word' id='word_1_89' title='bbox 1089 1004 1142 1051; x_wconf 95' lang='lat' dir='ltr'><em>A</em></span> <span class='ocrx_word' id='word_1_90' title='bbox 1187 994 1327 1069; x_wconf 87' lang='grc' dir='ltr'><strong><em>πρὸς</em></strong></span> <span class='ocrx_word' id='word_1_91' title='bbox 1371 995 1472 1052; x_wconf 88' lang='grc' dir='ltr'><strong><em>τὸν</em></strong></span> <span class='ocrx_word' id='word_1_92' title='bbox 1520 1003 1594 1068; x_wconf 93' lang='grc' dir='ltr'><strong><em>Β,</em></strong></span> <span class='ocrx_word' id='word_1_93' title='bbox 1651 996 1829 1064; x_wconf 75' lang='grc' dir='ltr'><strong><em>οὕτως</em></strong></span> <span class='ocrx_word' id='word_1_94' title='bbox 1867 997 1896 1054; x_wconf 85' lang='grc' dir='ltr'>ὁ</span> 
     </span>
    </p>

    <p class='ocr_par' dir='ltr' id='par_1_5' title="bbox 113 1082 1274 1158">
     <span class='ocr_line' id='line_1_11' title="bbox 113 1082 1274 1158; baseline 0.003 -22"><span class='ocrx_word' id='word_1_95' title='bbox 113 1096 167 1136; x_wconf 88' lang='grc'><strong><em>10</em></strong></span> <span class='ocrx_word' id='word_1_96' title='bbox 201 1092 256 1140; x_wconf 95' lang='lat' dir='ltr'><em>A</em></span> <span class='ocrx_word' id='word_1_97' title='bbox 293 1084 433 1158; x_wconf 87' lang='grc' dir='ltr'><strong><em>πρὸς</em></strong></span> <span class='ocrx_word' id='word_1_98' title='bbox 469 1084 571 1141; x_wconf 86' lang='grc' dir='ltr'><strong><em>τὸν</em></strong></span> <span class='ocrx_word' id='word_1_99' title='bbox 612 1091 682 1140; x_wconf 87' lang='grc' dir='ltr'><strong><em>Ε·</em></strong></span> <span class='ocrx_word' id='word_1_100' title='bbox 753 1082 889 1156; x_wconf 79' lang='grc' dir='ltr'><strong><em>ὅπερ</em></strong></span> <span class='ocrx_word' id='word_1_101' title='bbox 930 1087 1043 1139; x_wconf 80' lang='grc' dir='ltr'><strong><em>ἔδει</em></strong></span> <span class='ocrx_word' id='word_1_102' title='bbox 1084 1085 1274 1151; x_wconf 82' lang='grc' dir='ltr'><strong><em>δεῖξαι.</em></strong></span> 
     </span>
    </p>
   </div>
   <div class='ocr_carea' id='block_1_3' title="bbox 101 1246 1977 2749">
    <p class='ocr_par' dir='ltr' id='par_1_6' title="bbox 997 1246 1100 1302">
     <span class='ocr_line' id='line_1_12' title="bbox 997 1246 1100 1302; baseline 0.01 -1"><span class='ocrx_word' id='word_1_103' title='bbox 997 1246 1100 1302; x_wconf 85' lang='grc' dir='ltr'><strong><em>ιθ’.</em></strong></span> 
     </span>
    </p>

    <p class='ocr_par' dir='ltr' id='par_1_7' title="bbox 199 1343 1897 1602">
     <span class='ocr_line' id='line_1_13' title="bbox 306 1343 1895 1421; baseline 0.001 -17"><span class='ocrx_word' id='word_1_104' title='bbox 306 1346 451 1405; x_wconf 81' lang='grc' dir='ltr'><strong><em>Ἐὰν</em></strong></span> <span class='ocrx_word' id='word_1_105' title='bbox 504 1349 817 1421; x_wconf 84' lang='grc' dir='ltr'><strong><em>τέσσαρες</em></strong></span> <span class='ocrx_word' id='word_1_106' title='bbox 871 1346 1151 1420; x_wconf 82' lang='grc' dir='ltr'><strong><em>ἀριθμοὶ</em></strong></span> <span class='ocrx_word' id='word_1_107' title='bbox 1206 1348 1544 1421; x_wconf 77' lang='grc' dir='ltr'><strong><em>ἀνάλογον</em></strong></span> <span class='ocrx_word' id='word_1_108' title='bbox 1609 1343 1802 1421; x_wconf 74' lang='grc' dir='ltr'><strong><em>ὦσιν,</em></strong></span> <span class='ocrx_word' id='word_1_109' title='bbox 1867 1349 1895 1407; x_wconf 87' lang='grc' dir='ltr'>ὁ</span> 
     </span>
     <span class='ocr_line' id='line_1_14' title="bbox 199 1435 1897 1511; baseline 0 -17"><span class='ocrx_word' id='word_1_110' title='bbox 199 1440 265 1494; x_wconf 79' lang='grc' dir='ltr'><strong><em>ἐκ</em></strong></span> <span class='ocrx_word' id='word_1_111' title='bbox 318 1437 582 1509; x_wconf 78' lang='grc' dir='ltr'><strong><em>πρώτου</em></strong></span> <span class='ocrx_word' id='word_1_112' title='bbox 635 1438 741 1493; x_wconf 86' lang='grc' dir='ltr'><strong><em>καὶ</em></strong></span> <span class='ocrx_word' id='word_1_113' title='bbox 804 1435 1120 1508; x_wconf 80' lang='grc' dir='ltr'><strong><em>τετάρτου</em></strong></span> <span class='ocrx_word' id='word_1_114' title='bbox 1181 1437 1543 1510; x_wconf 82' lang='grc' dir='ltr'><strong><em>γενόμενος</em></strong></span> <span class='ocrx_word' id='word_1_115' title='bbox 1606 1437 1897 1511; x_wconf 77' lang='grc' dir='ltr'><strong><em>ἀριθμὸς</em></strong></span> 
     </span>
     <span class='ocr_line' id='line_1_15' title="bbox 200 1526 1897 1602; baseline 0.001 -20"><span class='ocrx_word' id='word_1_116' title='bbox 200 1535 341 1592; x_wconf 79' lang='grc' dir='ltr'><strong><em>ἴσος</em></strong></span> <span class='ocrx_word' id='word_1_117' title='bbox 397 1530 578 1582; x_wconf 81' lang='grc' dir='ltr'><strong><em>ἔσται</em></strong></span> <span class='ocrx_word' id='word_1_118' title='bbox 632 1528 715 1602; x_wconf 76' lang='grc' dir='ltr'><strong><em>τῷ</em></strong></span> <span class='ocrx_word' id='word_1_119' title='bbox 772 1526 838 1580; x_wconf 82' lang='grc' dir='ltr'><strong><em>ἐκ</em></strong></span> <span class='ocrx_word' id='word_1_120' title='bbox 893 1526 1211 1597; x_wconf 79' lang='grc' dir='ltr'><strong><em>δευτέρου</em></strong></span> <span class='ocrx_word' id='word_1_121' title='bbox 1264 1526 1371 1582; x_wconf 79' lang='grc' dir='ltr'><strong><em>καὶ</em></strong></span> <span class='ocrx_word' id='word_1_122' title='bbox 1425 1530 1653 1598; x_wconf 90' lang='grc' dir='ltr'><strong><em>τρίτου</em></strong></span> <span class='ocrx_word' id='word_1_123' title='bbox 1707 1549 1897 1597; x_wconf 80' lang='grc' dir='ltr'><strong><em>γενο-</em></strong></span> 
     </span>
    </p>

    <p class='ocr_par' dir='ltr' id='par_1_8' title="bbox 111 1611 1896 1937">
     <span class='ocr_line' id='line_1_16' title="bbox 111 1611 1896 1690; baseline -0.001 -18"><span class='ocrx_word' id='word_1_124' title='bbox 111 1619 166 1659; x_wconf 89' lang='lat'><strong><em>15</em></strong></span> <span class='ocrx_word' id='word_1_125' title='bbox 197 1617 367 1690; x_wconf 76' lang='grc' dir='ltr'><strong><em>μένῳ</em></strong></span> <span class='ocrx_word' id='word_1_126' title='bbox 408 1611 692 1689; x_wconf 78' lang='grc' dir='ltr'><strong><em>ἀριθμῷ·</em></strong></span> <span class='ocrx_word' id='word_1_127' title='bbox 734 1613 841 1669; x_wconf 81' lang='grc' dir='ltr'><strong><em>καὶ</em></strong></span> <span class='ocrx_word' id='word_1_128' title='bbox 882 1611 996 1669; x_wconf 79' lang='grc' dir='ltr'><strong><em>ἐὰν</em></strong></span> <span class='ocrx_word' id='word_1_129' title='bbox 1039 1611 1068 1669; x_wconf 87' lang='grc' dir='ltr'>ὁ</span> <span class='ocrx_word' id='word_1_130' title='bbox 1110 1616 1175 1670; x_wconf 81' lang='grc' dir='ltr'><strong><em>ἐκ</em></strong></span> <span class='ocrx_word' id='word_1_131' title='bbox 1215 1614 1479 1687; x_wconf 74' lang='grc' dir='ltr'><strong><em>πρώτου</em></strong></span> <span class='ocrx_word' id='word_1_132' title='bbox 1525 1616 1634 1670; x_wconf 85' lang='grc' dir='ltr'><strong><em>καὶ</em></strong></span> <span class='ocrx_word' id='word_1_133' title='bbox 1680 1618 1896 1687; x_wconf 91' lang='grc' dir='ltr'><strong><em>τετάρ-</em></strong></span> 
     </span>
     <span class='ocr_line' id='line_1_17' title="bbox 197 1697 1896 1779; baseline 0.001 -20"><span class='ocrx_word' id='word_1_134' title='bbox 197 1725 314 1760; x_wconf 91' lang='grc' dir='ltr'><strong><em>του</em></strong></span> <span class='ocrx_word' id='word_1_135' title='bbox 351 1702 713 1774; x_wconf 80' lang='grc' dir='ltr'><strong><em>γενόμενος</em></strong></span> <span class='ocrx_word' id='word_1_136' title='bbox 752 1699 1042 1774; x_wconf 78' lang='grc' dir='ltr'><strong><em>ἀριθμὸς</em></strong></span> <span class='ocrx_word' id='word_1_137' title='bbox 1082 1710 1224 1769; x_wconf 74' lang='grc' dir='ltr'><strong><em>ἴσος</em></strong></span> <span class='ocrx_word' id='word_1_138' title='bbox 1269 1697 1304 1777; x_wconf 83' lang='grc' dir='ltr'><em>ᾗ</em></span> <span class='ocrx_word' id='word_1_139' title='bbox 1343 1707 1427 1779; x_wconf 80' lang='grc' dir='ltr'><strong><em>τῷ</em></strong></span> <span class='ocrx_word' id='word_1_140' title='bbox 1470 1705 1536 1760; x_wconf 84' lang='grc' dir='ltr'><strong><em>ἐκ</em></strong></span> <span class='ocrx_word' id='word_1_141' title='bbox 1577 1705 1896 1776; x_wconf 79' lang='grc' dir='ltr'><strong><em>δευτέρου</em></strong></span> 
     </span>
     <span class='ocr_line' id='line_1_18' title="bbox 196 1790 1895 1864; baseline 0.001 -16"><span class='ocrx_word' id='word_1_142' title='bbox 196 1793 304 1848; x_wconf 86' lang='grc' dir='ltr'><strong><em>καὶ</em></strong></span> <span class='ocrx_word' id='word_1_143' title='bbox 372 1797 626 1864; x_wconf 90' lang='grc' dir='ltr'><strong><em>τρίτου,</em></strong></span> <span class='ocrx_word' id='word_1_144' title='bbox 696 1792 762 1846; x_wconf 80' lang='grc' dir='ltr'><strong><em>οἰ</em></strong></span> <span class='ocrx_word' id='word_1_145' title='bbox 827 1792 1141 1862; x_wconf 84' lang='grc' dir='ltr'><strong><em>τέσσαρες</em></strong></span> <span class='ocrx_word' id='word_1_146' title='bbox 1209 1790 1490 1863; x_wconf 79' lang='grc' dir='ltr'><strong><em>ἀριθμοὶ</em></strong></span> <span class='ocrx_word' id='word_1_147' title='bbox 1560 1790 1895 1864; x_wconf 78' lang='grc' dir='ltr'><strong><em>ἀνάλογον</em></strong></span> 
     </span>
     <span class='ocr_line' id='line_1_19' title="bbox 197 1885 481 1937; baseline -0.007 0"><span class='ocrx_word' id='word_1_148' title='bbox 197 1885 481 1937; x_wconf 58' lang='grc' dir='ltr'><strong><em>ἔσονταί</em></strong></span> 
     </span>
    </p>

    <p class='ocr_par' dir='ltr' id='par_1_9' title="bbox 294 1964 1892 2040">
     <span class='ocr_line' id='line_1_20' title="bbox 294 1964 1892 2040; baseline 0 -16"><span class='ocrx_word' id='word_1_149' title='bbox 294 1968 585 2024; x_wconf 76' lang='grc' dir='ltr'><strong><em>’Έστωσαν</em></strong></span> <span class='ocrx_word' id='word_1_150' title='bbox 622 1968 885 2040; x_wconf 84' lang='grc' dir='ltr'><strong><em>τέσσαρες</em></strong></span> <span class='ocrx_word' id='word_1_151' title='bbox 924 1965 1160 2040; x_wconf 79' lang='grc' dir='ltr'><strong><em>ἀριθμοὶ</em></strong></span> <span class='ocrx_word' id='word_1_152' title='bbox 1200 1964 1485 2039; x_wconf 80' lang='grc' dir='ltr'><strong><em>ἀνάλογον</em></strong></span> <span class='ocrx_word' id='word_1_153' title='bbox 1526 1971 1585 2023; x_wconf 79' lang='grc' dir='ltr'><strong><em>οί</em></strong></span> <span class='ocrx_word' id='word_1_154' title='bbox 1612 1976 1689 2039; x_wconf 90' lang='lat' dir='ltr'><em>A,</em></span> <span class='ocrx_word' id='word_1_155' title='bbox 1722 1974 1796 2040; x_wconf 94' lang='grc' dir='ltr'><strong><em>Β,</em></strong></span> <span class='ocrx_word' id='word_1_156' title='bbox 1830 1975 1892 2040; x_wconf 92' lang='grc' dir='ltr'><strong><em>Γ,</em></strong></span> 
     </span>
    </p>

    <p class='ocr_par' dir='ltr' id='par_1_10' title="bbox 105 2049 1977 2396">
     <span class='ocr_line' id='line_1_21' title="bbox 105 2049 1977 2129; baseline -0.001 -15"><span class='ocrx_word' id='word_1_157' title='bbox 105 2060 162 2102; x_wconf 86' lang='lat'><strong><em>20</em></strong></span> <span class='ocrx_word' id='word_1_158' title='bbox 196 2066 276 2129; x_wconf 94' lang='lat' dir='ltr'><em>A,</em></span> <span class='ocrx_word' id='word_1_159' title='bbox 332 2055 408 2123; x_wconf 81' lang='grc' dir='ltr'><strong><em>ὥς</em></strong></span> <span class='ocrx_word' id='word_1_160' title='bbox 454 2054 484 2112; x_wconf 88' lang='grc' dir='ltr'>ὁ</span> <span class='ocrx_word' id='word_1_161' title='bbox 532 2063 586 2111; x_wconf 92' lang='grc' dir='ltr'><em>Α</em></span> <span class='ocrx_word' id='word_1_162' title='bbox 631 2053 772 2127; x_wconf 89' lang='grc' dir='ltr'><strong><em>πρὸς</em></strong></span> <span class='ocrx_word' id='word_1_163' title='bbox 817 2054 918 2111; x_wconf 85' lang='grc' dir='ltr'><strong><em>τὸν</em></strong></span> <span class='ocrx_word' id='word_1_164' title='bbox 965 2062 1039 2126; x_wconf 89' lang='grc' dir='ltr'><strong><em>Β,</em></strong></span> <span class='ocrx_word' id='word_1_165' title='bbox 1094 2055 1273 2122; x_wconf 81' lang='grc' dir='ltr'><strong><em>οὕτως</em></strong></span> <span class='ocrx_word' id='word_1_166' title='bbox 1319 2078 1349 2112; x_wconf 95' lang='grc' dir='ltr'><strong><em>ο</em></strong></span> <span class='ocrx_word' id='word_1_167' title='bbox 1398 2060 1452 2111; x_wconf 94' lang='grc' dir='ltr'>Γ</span> <span class='ocrx_word' id='word_1_168' title='bbox 1489 2055 1627 2129; x_wconf 89' lang='grc' dir='ltr'><strong><em>πρὸς</em></strong></span> <span class='ocrx_word' id='word_1_169' title='bbox 1673 2055 1773 2112; x_wconf 85' lang='grc' dir='ltr'><strong><em>τὸν</em></strong></span> <span class='ocrx_word' id='word_1_170' title='bbox 1820 2063 1893 2129; x_wconf 95' lang='lat' dir='ltr'><em>A,</em></span> <span class='ocrx_word' id='word_1_171' title='bbox 1958 2049 1977 2067; x_wconf 74' lang='lat'>⁸</span> 
     </span>
     <span class='ocr_line' id='line_1_22' title="bbox 192 2142 1893 2218; baseline 0 -16"><span class='ocrx_word' id='word_1_172' title='bbox 192 2147 284 2202; x_wconf 82' lang='grc' dir='ltr'><strong><em>καὶ</em></strong></span> <span class='ocrx_word' id='word_1_173' title='bbox 333 2144 362 2203; x_wconf 85' lang='grc' dir='ltr'>ὁ</span> <span class='ocrx_word' id='word_1_174' title='bbox 410 2145 512 2217; x_wconf 76' lang='grc' dir='ltr'><strong><em>μὲν</em></strong></span> <span class='ocrx_word' id='word_1_175' title='bbox 551 2144 604 2200; x_wconf 83' lang='lat' dir='ltr'><em>A</em></span> <span class='ocrx_word' id='word_1_176' title='bbox 641 2143 743 2199; x_wconf 87' lang='grc' dir='ltr'><strong><em>τὸν</em></strong></span> <span class='ocrx_word' id='word_1_177' title='bbox 785 2150 840 2198; x_wconf 94' lang='lat' dir='ltr'><em>A</em></span> <span class='ocrx_word' id='word_1_178' title='bbox 877 2142 1369 2210; x_wconf 83' lang='grc' dir='ltr'><strong><em>πολλαπλασιάσας</em></strong></span> <span class='ocrx_word' id='word_1_179' title='bbox 1413 2142 1514 2200; x_wconf 86' lang='grc' dir='ltr'><strong><em>τὸν</em></strong></span> <span class='ocrx_word' id='word_1_180' title='bbox 1553 2150 1607 2199; x_wconf 93' lang='grc' dir='ltr'><em>Ε</em></span> <span class='ocrx_word' id='word_1_181' title='bbox 1649 2151 1893 2218; x_wconf 85' lang='grc' dir='ltr'><strong><em>ποιείτω,</em></strong></span> 
     </span>
     <span class='ocr_line' id='line_1_23' title="bbox 194 2231 1894 2307; baseline 0 -16"><span class='ocrx_word' id='word_1_182' title='bbox 194 2232 223 2291; x_wconf 84' lang='grc' dir='ltr'><em>ὅ</em></span> <span class='ocrx_word' id='word_1_183' title='bbox 266 2234 329 2290; x_wconf 75' lang='grc' dir='ltr'><strong><em>δὲ</em></strong></span> <span class='ocrx_word' id='word_1_184' title='bbox 368 2240 415 2289; x_wconf 93' lang='grc' dir='ltr'>Β</span> <span class='ocrx_word' id='word_1_185' title='bbox 454 2231 555 2289; x_wconf 85' lang='grc' dir='ltr'><strong><em>τὸν</em></strong></span> <span class='ocrx_word' id='word_1_186' title='bbox 594 2237 649 2288; x_wconf 94' lang='grc' dir='ltr'>Γ</span> <span class='ocrx_word' id='word_1_187' title='bbox 679 2232 1167 2299; x_wconf 83' lang='grc' dir='ltr'><strong><em>πολλαπλασιάσας</em></strong></span> <span class='ocrx_word' id='word_1_188' title='bbox 1205 2233 1307 2288; x_wconf 89' lang='grc' dir='ltr'><strong><em>τὸν</em></strong></span> <span class='ocrx_word' id='word_1_189' title='bbox 1348 2239 1393 2287; x_wconf 92' lang='grc' dir='ltr'><strong><em>Ζ</em></strong></span> <span class='ocrx_word' id='word_1_190' title='bbox 1441 2236 1688 2288; x_wconf 88' lang='grc' dir='ltr'><strong><em>ποιείτω·</em></strong></span> <span class='ocrx_word' id='word_1_191' title='bbox 1736 2236 1894 2307; x_wconf 76' lang='grc' dir='ltr'><strong><em>λέγω,</em></strong></span> 
     </span>
     <span class='ocr_line' id='line_1_24' title="bbox 194 2317 1006 2396; baseline -0.001 -18"><span class='ocrx_word' id='word_1_192' title='bbox 194 2320 278 2379; x_wconf 82' lang='grc' dir='ltr'><strong><em>ὅτι</em></strong></span> <span class='ocrx_word' id='word_1_193' title='bbox 319 2329 439 2388; x_wconf 81' lang='grc' dir='ltr'><strong><em>ἴσος</em></strong></span> <span class='ocrx_word' id='word_1_194' title='bbox 478 2320 628 2377; x_wconf 83' lang='grc' dir='ltr'><strong><em>ἐστὶν</em></strong></span> <span class='ocrx_word' id='word_1_195' title='bbox 670 2317 699 2376; x_wconf 83' lang='grc' dir='ltr'>ὁ</span> <span class='ocrx_word' id='word_1_196' title='bbox 743 2326 796 2375; x_wconf 93' lang='grc' dir='ltr'><em>Ε</em></span> <span class='ocrx_word' id='word_1_197' title='bbox 829 2323 905 2396; x_wconf 79' lang='grc' dir='ltr'><strong><em>τῷ</em></strong></span> <span class='ocrx_word' id='word_1_198' title='bbox 946 2327 1006 2378; x_wconf 92' lang='grc' dir='ltr'><strong><em>Ζ.</em></strong></span> 
     </span>
    </p>

    <p class='ocr_par' dir='ltr' id='par_1_11' title="bbox 293 2407 1891 2482">
     <span class='ocr_line' id='line_1_25' title="bbox 293 2407 1891 2482; baseline 0.001 -16"><span class='ocrx_word' id='word_1_199' title='bbox 293 2407 353 2466; x_wconf 88' lang='grc' dir='ltr'><strong><em>Ὁ</em></strong></span> <span class='ocrx_word' id='word_1_200' title='bbox 397 2408 506 2482; x_wconf 78' lang='grc' dir='ltr'><strong><em>γὰρ</em></strong></span> <span class='ocrx_word' id='word_1_201' title='bbox 552 2415 604 2464; x_wconf 89' lang='lat' dir='ltr'><em>A</em></span> <span class='ocrx_word' id='word_1_202' title='bbox 647 2407 750 2464; x_wconf 85' lang='grc' dir='ltr'><strong><em>τὸν</em></strong></span> <span class='ocrx_word' id='word_1_203' title='bbox 797 2413 851 2464; x_wconf 95' lang='grc' dir='ltr'>Γ</span> <span class='ocrx_word' id='word_1_204' title='bbox 889 2408 1380 2474; x_wconf 88' lang='grc' dir='ltr'><strong><em>πολλαπλασιάσας</em></strong></span> <span class='ocrx_word' id='word_1_205' title='bbox 1417 2407 1519 2465; x_wconf 89' lang='grc' dir='ltr'><strong><em>τὸν</em></strong></span> <span class='ocrx_word' id='word_1_206' title='bbox 1557 2415 1626 2464; x_wconf 90' lang='grc' dir='ltr'><strong><em>Η.</em></strong></span> <span class='ocrx_word' id='word_1_207' title='bbox 1653 2415 1891 2467; x_wconf 90' lang='grc' dir='ltr'><strong><em>ποιείτω.</em></strong></span> 
     </span>
    </p>

    <p class='ocr_par' dir='ltr' id='par_1_12' title="bbox 101 2491 1891 2749">
     <span class='ocr_line' id='line_1_26' title="bbox 101 2491 1890 2570; baseline -0.001 -14"><span class='ocrx_word' id='word_1_208' title='bbox 101 2503 159 2545; x_wconf 81' lang='lat'><strong><em>25</em></strong></span> <span class='ocrx_word' id='word_1_209' title='bbox 193 2499 309 2556; x_wconf 82' lang='grc' dir='ltr'><strong><em>ἐπεὶ</em></strong></span> <span class='ocrx_word' id='word_1_210' title='bbox 341 2491 447 2555; x_wconf 80' lang='grc' dir='ltr'><strong><em>οὖν</em></strong></span> <span class='ocrx_word' id='word_1_211' title='bbox 483 2495 512 2554; x_wconf 86' lang='grc' dir='ltr'>ὁ</span> <span class='ocrx_word' id='word_1_212' title='bbox 545 2504 598 2552; x_wconf 93' lang='lat' dir='ltr'><em>A</em></span> <span class='ocrx_word' id='word_1_213' title='bbox 628 2500 730 2552; x_wconf 88' lang='grc' dir='ltr'><strong><em>τὸν</em></strong></span> <span class='ocrx_word' id='word_1_214' title='bbox 762 2501 816 2552; x_wconf 94' lang='grc' dir='ltr'>Γ</span> <span class='ocrx_word' id='word_1_215' title='bbox 839 2497 1330 2564; x_wconf 85' lang='grc' dir='ltr'><strong><em>πολλαπλασιάσας</em></strong></span> <span class='ocrx_word' id='word_1_216' title='bbox 1361 2499 1460 2552; x_wconf 89' lang='grc' dir='ltr'><strong><em>τὸν</em></strong></span> <span class='ocrx_word' id='word_1_217' title='bbox 1485 2502 1550 2551; x_wconf 91' lang='grc' dir='ltr'><strong>Η</strong></span> <span class='ocrx_word' id='word_1_218' title='bbox 1574 2503 1890 2570; x_wconf 83' lang='grc' dir='ltr'><strong><em>πεποίηκεν,</em></strong></span> 
     </span>
     <span class='ocr_line' id='line_1_27' title="bbox 190 2585 1890 2659; baseline -0.002 -14"><span class='ocrx_word' id='word_1_219' title='bbox 190 2610 290 2645; x_wconf 88' lang='grc' dir='ltr'><strong><em>τον</em></strong></span> <span class='ocrx_word' id='word_1_220' title='bbox 338 2587 401 2643; x_wconf 70' lang='grc' dir='ltr'><strong><em>δὲ</em></strong></span> <span class='ocrx_word' id='word_1_221' title='bbox 448 2594 503 2642; x_wconf 95' lang='lat' dir='ltr'><em>A</em></span> <span class='ocrx_word' id='word_1_222' title='bbox 555 2585 1046 2652; x_wconf 88' lang='grc' dir='ltr'><strong><em>πολλαπλασιάσας</em></strong></span> <span class='ocrx_word' id='word_1_223' title='bbox 1098 2585 1200 2642; x_wconf 89' lang='grc' dir='ltr'><strong><em>τὸν</em></strong></span> <span class='ocrx_word' id='word_1_224' title='bbox 1247 2593 1300 2642; x_wconf 93' lang='grc' dir='ltr'><em>Ε</em></span> <span class='ocrx_word' id='word_1_225' title='bbox 1348 2590 1675 2657; x_wconf 82' lang='grc' dir='ltr'><strong><em>πεποίηκεν,</em></strong></span> <span class='ocrx_word' id='word_1_226' title='bbox 1730 2585 1890 2659; x_wconf 81' lang='grc' dir='ltr'><strong><em>ἀριθ-</em></strong></span> 
     </span>
     <span class='ocr_line' id='line_1_28' title="bbox 191 2672 1891 2749; baseline -0.002 -15"><span class='ocrx_word' id='word_1_227' title='bbox 191 2675 292 2749; x_wconf 87' lang='grc' dir='ltr'><strong><em>μὸς</em></strong></span> <span class='ocrx_word' id='word_1_228' title='bbox 331 2679 401 2747; x_wconf 83' lang='grc' dir='ltr'><strong><em>δη</em></strong></span> <span class='ocrx_word' id='word_1_229' title='bbox 441 2672 472 2731; x_wconf 87' lang='grc' dir='ltr'><strong>ὁ</strong></span> <span class='ocrx_word' id='word_1_230' title='bbox 513 2681 566 2729; x_wconf 92' lang='grc' dir='ltr'><em>Α</em></span> <span class='ocrx_word' id='word_1_231' title='bbox 599 2673 706 2729; x_wconf 83' lang='grc' dir='ltr'><strong><em>δύο</em></strong></span> <span class='ocrx_word' id='word_1_232' title='bbox 741 2672 1022 2747; x_wconf 79' lang='grc' dir='ltr'><strong><em>ἀριθμοὺς</em></strong></span> <span class='ocrx_word' id='word_1_233' title='bbox 1053 2695 1186 2740; x_wconf 86' lang='grc' dir='ltr'><strong><em>τους</em></strong></span> <span class='ocrx_word' id='word_1_234' title='bbox 1216 2679 1279 2745; x_wconf 94' lang='grc' dir='ltr'><strong><em>Γ,</em></strong></span> <span class='ocrx_word' id='word_1_235' title='bbox 1313 2681 1367 2728; x_wconf 96' lang='lat' dir='ltr'><em>A</em></span> <span class='ocrx_word' id='word_1_236' title='bbox 1398 2674 1891 2740; x_wconf 85' lang='grc' dir='ltr'><strong><em>πολλαπλασιάσας</em></strong></span> 
     </span>
    </p>
   </div>
   <div class='ocr_carea' id='block_1_4' title="bbox 191 2798 546 2806">
    <p class='ocr_par' dir='ltr' id='par_1_13' title="bbox 191 2798 546 2806">
     <span class='ocr_line' id='line_1_29' title="bbox 191 2798 546 2806; baseline 0 346"><span class='ocrx_word' id='word_1_237' title='bbox 191 2798 546 2806; x_wconf 95' lang='lat' dir='ltr'><strong><em> </em></strong></span> 
     </span>
    </p>
   </div>
   <div class='ocr_carea' id='block_1_5' title="bbox 190 2831 1886 3012">
    <p class='ocr_par' dir='ltr' id='par_1_14' title="bbox 190 2831 1886 3012">
     <span class='ocr_line' id='line_1_30' title="bbox 313 2831 1886 2907; baseline -0.001 -25"><span class='ocrx_word' id='word_1_238' title='bbox 313 2843 351 2882; x_wconf 91' lang='grc'>1</span> <span class='ocrx_word' id='word_1_239' title='bbox 382 2834 467 2882; x_wconf 79' lang='grc' dir='ltr'><strong><em>τὸν</em></strong></span> <span class='ocrx_word' id='word_1_240' title='bbox 500 2837 566 2895; x_wconf 91' lang='grc' dir='ltr'><strong><em>Γ]</em></strong></span> <span class='ocrx_word' id='word_1_241' title='bbox 600 2849 690 2881; x_wconf 90' lang='lat' dir='ltr'><strong><em>om.</em></strong></span> <span class='ocrx_word' id='word_1_242' title='bbox 724 2851 768 2893; x_wconf 90' lang='lat' dir='ltr'><strong><em>p.</em></strong></span> <span class='ocrx_word' id='word_1_243' title='bbox 872 2842 912 2881; x_wconf 82' lang='lat'><strong><em>2.</em></strong></span> <span class='ocrx_word' id='word_1_244' title='bbox 946 2834 1029 2880; x_wconf 82' lang='grc' dir='ltr'><strong><em>τὸν</em></strong></span> <span class='ocrx_word' id='word_1_245' title='bbox 1064 2839 1108 2880; x_wconf 90' lang='grc' dir='ltr'>Γ</span> <span class='ocrx_word' id='word_1_246' title='bbox 1134 2831 1245 2887; x_wconf 77' lang='grc' dir='ltr'><strong><em>τούς</em></strong></span> <span class='ocrx_word' id='word_1_247' title='bbox 1274 2850 1319 2892; x_wconf 90' lang='lat' dir='ltr'><strong><em>p.</em></strong></span> <span class='ocrx_word' id='word_1_248' title='bbox 1358 2833 1653 2907; x_wconf 83' lang='grc' dir='ltr'><strong><em>ποιήτωσαν</em></strong></span> <span class='ocrx_word' id='word_1_249' title='bbox 1686 2853 1735 2892; x_wconf 86' lang='grc' dir='ltr'><strong><em>φ.</em></strong></span> <span class='ocrx_word' id='word_1_250' title='bbox 1846 2842 1886 2882; x_wconf 90' lang='lat'><strong><em>3.</em></strong></span> 
     </span>
     <span class='ocr_line' id='line_1_31' title="bbox 190 2890 1886 2967; baseline -0.002 -25"><span class='ocrx_word' id='word_1_251' title='bbox 190 2894 252 2950; x_wconf 79' lang='grc' dir='ltr'><strong><em>ὡς</em></strong></span> <span class='ocrx_word' id='word_1_252' title='bbox 286 2894 411 2942; x_wconf 79' lang='grc' dir='ltr'><strong><em>ἐστιν</em></strong></span> <span class='ocrx_word' id='word_1_253' title='bbox 441 2912 488 2967; x_wconf 90' lang='lat' dir='ltr'><strong><em>p.</em></strong></span> <span class='ocrx_word' id='word_1_254' title='bbox 596 2899 638 2941; x_wconf 89' lang='grc'>5</span> <span class='ocrx_word' id='word_1_255' title='bbox 669 2896 780 2954; x_wconf 84' lang='grc' dir='ltr'><strong><em>καί]</em></strong></span> <span class='ocrx_word' id='word_1_256' title='bbox 814 2910 874 2939; x_wconf 91' lang='lat' dir='ltr'><strong><em>m.</em></strong></span> <span class='ocrx_word' id='word_1_257' title='bbox 910 2900 936 2939; x_wconf 84' lang='lat'>2</span> <span class='ocrx_word' id='word_1_258' title='bbox 969 2894 1031 2949; x_wconf 86' lang='lat' dir='ltr'><strong><em>V;</em></strong></span> <span class='ocrx_word' id='word_1_259' title='bbox 1065 2909 1156 2941; x_wconf 90' lang='lat' dir='ltr'><strong><em>om.</em></strong></span> <span class='ocrx_word' id='word_1_260' title='bbox 1188 2910 1234 2952; x_wconf 90' lang='lat' dir='ltr'><strong><em>p.</em></strong></span> <span class='ocrx_word' id='word_1_261' title='bbox 1349 2890 1463 2952; x_wconf 78' lang='grc' dir='ltr'><strong><em>ἄρα]</em></strong></span> <span class='ocrx_word' id='word_1_262' title='bbox 1497 2895 1587 2940; x_wconf 82' lang='lat' dir='ltr'><strong>del.</strong></span> <span class='ocrx_word' id='word_1_263' title='bbox 1622 2894 1679 2953; x_wconf 90' lang='lat' dir='ltr'><strong><em>V,</em></strong></span> <span class='ocrx_word' id='word_1_264' title='bbox 1712 2909 1800 2940; x_wconf 92' lang='lat' dir='ltr'><strong><em>om.</em></strong></span> <span class='ocrx_word' id='word_1_265' title='bbox 1822 2912 1886 2966; x_wconf 83' lang='grc' dir='ltr'><strong><em>φ.</em></strong></span> 
     </span>
     <span class='ocr_line' id='line_1_32' title="bbox 251 2951 1884 3012; baseline -0.002 -10"><span class='ocrx_word' id='word_1_266' title='bbox 251 2963 291 3002; x_wconf 90' lang='grc'><strong><em>6.</em></strong></span> <span class='ocrx_word' id='word_1_267' title='bbox 325 2953 406 3001; x_wconf 83' lang='grc' dir='ltr'><strong><em>ὃιά</em></strong></span> <span class='ocrx_word' id='word_1_268' title='bbox 438 2952 496 3000; x_wconf 78' lang='grc' dir='ltr'><strong><em>τὰ</em></strong></span> <span class='ocrx_word' id='word_1_269' title='bbox 523 2981 576 2988; x_wconf 91' lang='lat'><em>-</em></span> <span class='ocrx_word' id='word_1_270' title='bbox 602 2958 649 2999; x_wconf 88' lang='lat'><strong><em>8:</em></strong></span> <span class='ocrx_word' id='word_1_271' title='bbox 690 2955 971 3012; x_wconf 80' lang='grc' dir='ltr'><strong><em>πεποίηκεν]</em></strong></span> <span class='ocrx_word' id='word_1_272' title='bbox 1004 2969 1099 3012; x_wconf 89' lang='lat' dir='ltr'><strong><em>mg.</em></strong></span> <span class='ocrx_word' id='word_1_273' title='bbox 1131 2969 1190 2999; x_wconf 92' lang='lat' dir='ltr'><strong>m</strong></span> <span class='ocrx_word' id='word_1_274' title='bbox 1224 2958 1251 2998; x_wconf 83' lang='lat'>2</span> <span class='ocrx_word' id='word_1_275' title='bbox 1282 2953 1339 3010; x_wconf 88' lang='lat' dir='ltr'><strong><em>V,</em></strong></span> <span class='ocrx_word' id='word_1_276' title='bbox 1372 2968 1461 2998; x_wconf 91' lang='lat' dir='ltr'><strong><em>om.</em></strong></span> <span class='ocrx_word' id='word_1_277' title='bbox 1496 2971 1546 3010; x_wconf 84' lang='grc' dir='ltr'><strong><em>φ.</em></strong></span> <span class='ocrx_word' id='word_1_278' title='bbox 1701 2959 1739 2999; x_wconf 84' lang='lat'><strong><em>7.</em></strong></span> <span class='ocrx_word' id='word_1_279' title='bbox 1774 2951 1884 3012; x_wconf 79' lang='grc' dir='ltr'><strong><em>δυο]</em></strong></span> 
     </span>
    </p>
   </div>
  </div>
 </body>
</html>
