1988 3152
223 143 332 197 286
867 148 1204 192 ΣΤοΙΧΕΙῼΝ
1233 147 1300 205 η’.

1035 317 1060 350 ε
1087 339 1098 350 .

338 398 420 450 Οἱ
455 397 759 453 ἐπίπεδοι
807 396 1090 470 ἀριθμοὶ
1136 399 1299 471 πρὸς
1347 399 1670 472 ἀλλήλους
1716 403 1918 472 λόγον

222 487 452 555 ἔχουσι
490 477 604 540 ἰὸν
645 492 1089 559 συγκείμενον
1132 490 1196 543 ἐκ
1235 491 1364 544 τῶν
1401 493 1719 561 πλευρῶν.

318 572 611 629 ’Ἑστωσαν
651 577 900 632 ἐπίπεδοι
941 575 1174 648 ἀριθμοὶ
1216 580 1274 632 015
1309 585 1386 647 Α,
1421 584 1496 647 Β,
1536 579 1629 633 καὶ
1669 583 1770 634 τοῦ
1811 579 1917 650 μὲν

161 675 187 715 5
219 668 274 716 A
319 663 553 730 πλευραὶ
608 667 856 719 ἔστωσαν
905 667 963 720 οὗ
1004 670 1074 736 Γ,
1109 672 1164 719 A
1211 664 1475 737 ἀριθμοί,
1523 670 1623 721 τοῦ
1673 666 1734 722 δὲ
1774 673 1820 722 Β
1862 670 1920 722 οἱ

220 756 294 821 Ε,
330 757 396 805 Ζ·
451 751 619 821 λέγω,
675 751 760 807 ὅτι
813 750 843 807 6
891 761 945 807 A
996 751 1134 825 πρὸς
1180 753 1281 809 τὸν
1329 759 1375 808 Β
1432 753 1605 823 λόγον
1654 758 1763 825 ἔχει
1813 755 1916 810 τὸν

220 844 587 911 συγκείμενον
627 842 686 895 ἐκ
725 843 839 896 τῶν
877 846 1154 911 πλευρῶν.

267 923 271 927 ’
330 928 539 1000 Λόγων
585 928 693 1001 γὰρ
742 930 1032 985 δοθέντων
1085 933 1187 986 τοῦ
1232 953 1289 986 τε
1342 928 1409 986 ὃν
1450 935 1559 1003 ἔχει
1600 928 1628 986 6
1678 937 1731 986 Γ
1778 932 1917 1004 πρὸς

217 1015 320 1072 τὸν
374 1023 427 1072 Ε
467 1017 560 1072 καὶ
610 1015 639 1074 6
688 1023 744 1072 A
790 1018 931 1090 πρὸς
985 1019 1088 1074 τὸν
1149 1025 1193 1073 Ζ
1253 1019 1620 1091 εἰλήφθωσαν
1675 1018 1913 1092 ἀριθμοὶ

132 1118 185 1158 10
218 1105 341 1176 ἑξῆς
380 1105 658 1177 ἐλάχιστοι
699 1108 760 1162 ἐν
797 1118 912 1172 τοῖς
951 1112 1004 1162 Γ
1027 1113 1101 1176 Ε,
1140 1114 1196 1163 Δ
1229 1114 1273 1162 Ζ
1305 1107 1510 1179 λόγοις,
1550 1111 1608 1163 οἱ
1636 1114 1711 1179 Η,
1745 1115 1808 1179 Θ,
1842 1115 1914 1180 Κ,

218 1191 358 1249 ὥστε
413 1192 558 1249 εἶναι
610 1192 686 1260 ὡς
735 1195 837 1266 μὲν
886 1195 988 1252 τὸν
1035 1201 1088 1252 Γ
1130 1195 1270 1266 πρὸς
1314 1196 1418 1252 τὸν
1467 1203 1539 1266 Ε,
1589 1195 1765 1263 οὕτως
1811 1197 1915 1253 τὸν

216 1288 283 1338 Η
325 1282 465 1355 πρὸς
509 1282 614 1339 τὸν
661 1290 732 1353 Θ,
788 1308 862 1350 ως
910 1284 972 1340 δὲ
1017 1284 1118 1340 τὸν
1171 1292 1227 1339 A
1272 1284 1411 1358 πρὸς
1456 1284 1558 1340 τὸν
1615 1291 1685 1355 Ζ,
1737 1284 1914 1351 οὕτως

215 1371 318 1427 τὸν
358 1377 405 1427 Θ
444 1371 584 1444 πρὸς
623 1371 724 1428 τὸν
763 1359 833 1428 K.
910 1373 1002 1428 καὶ
1045 1371 1074 1429 6
1117 1381 1173 1428 A
1210 1374 1312 1429 τὸν
1345 1380 1397 1428 Ε
1424 1374 1915 1464 πολλαπλασιάσας

216 1460 319 1515 τὸν
359 1466 410 1515 Λ
449 1466 690 1518 ποιειᾞτω

132 1564 185 1604 15
329 1550 444 1604 Καὶ
484 1550 599 1605 ἐπεὶ
640 1548 669 1606 6
712 1557 767 1605 A
812 1548 915 1606 τὸν
963 1574 1066 1622 μεν
1105 1556 1158 1606 Γ
1189 1551 1680 1617 πολλαπλασιάσας
1719 1551 1822 1607 τὸν
1859 1559 1913 1606 Α

215 1641 534 1708 πεποίηκεν,
566 1637 667 1694 τὸν
693 1639 755 1694 δὲ
787 1645 839 1694 Ε
866 1639 1356 1705 πολλαπλασιάσας
1379 1639 1479 1696 τὸν
1511 1645 1563 1695 Λ
1595 1646 1912 1712 πεποίηκεν,

217 1730 369 1781 ἔστιν
410 1724 519 1799 ἄρα
559 1724 634 1792 ὡς
674 1723 703 1782 6
745 1732 799 1782 Γ
830 1727 970 1801 πρὸς
1007 1727 1108 1784 τὸν
1147 1733 1221 1797 Ε,
1251 1729 1440 1794 ,οὕτως
1479 1726 1509 1784 6
1551 1736 1604 1784 A
1641 1728 1782 1800 πρὸς
1812 1728 1913 1785 τὸν

216 1820 280 1870 Λ.
345 1813 418 1879 ὡς
458 1815 519 1870 δὲ
559 1813 586 1872 6
631 1821 684 1871 Γ
716 1815 858 1888 πρὸς
895 1816 999 1872 τὸν
1039 1822 1104 1887 Ε,
1147 1815 1324 1882 οὕτως
1363 1815 1392 1873 6
1434 1823 1499 1873 H
1529 1817 1668 1889 πρὸς
1703 1818 1805 1874 τὸν
1838 1825 1911 1874 Θ·

214 1903 306 1959 καὶ
347 1902 422 1969 ὡς
468 1902 578 1974 ἄρα
626 1901 655 1959 6
708 1909 774 1958 H
813 1903 952 1975 πρὸς
991 1903 1092 1960 τὸν
1134 1910 1204 1976 Θ,
1244 1905 1423 1971 οὕτως
1467 1903 1496 1961 6
1537 1914 1591 1960 A
1629 1906 1770 1978 πρὸς
1807 1906 1911 1963 τὸν

129 2007 186 2047 20
220 1998 285 2047 A.
363 1991 557 2063 πάλιν,
606 1993 721 2048 ἐπεὶ
769 1990 798 2048 6
847 1999 900 2048 E
942 1992 1046 2048 τόν
1095 2001 1149 2048 A
1195 1993 1682 2058 πολλαπλασιάσας
1720 1993 1820 2049 τὸν
1860 2000 1913 2048 Λ

213 2086 536 2152 πεποίηκεν,
578 2079 718 2136 ἀλλὰ
759 2080 872 2153 μὴν
911 2082 1005 2136 καὶ
1044 2081 1146 2137 τὸν
1186 2087 1231 2136 Ζ
1270 2082 1760 2148 πολλαπλασιάσας
1805 2082 1908 2139 τὸν

212 2174 260 2224 Β
300 2173 626 2240 πεποίηκεν,
668 2174 819 2226 ἔστιν
860 2169 969 2240 ἄρα
1010 2168 1085 2235 ὥς
1125 2168 1170 2227 6¹
1196 2178 1252 2226 A
1290 2170 1432 2244 πρὸς
1469 2169 1572 2227 τὸν
1615 2177 1686 2241 Ζ,
1735 2169 1913 2236 οὕτως

214 2256 243 2314 6
285 2265 337 2314 A
376 2259 514 2332 πρὸς
552 2259 654 2315 τὸν
693 2266 756 2315 Β.
833 2257 957 2315 ἄλλ’
1013 2257 1087 2325 ὥς
1127 2257 1157 2315 6
1199 2266 1254 2314 A
1291 2259 1432 2333 πρὸς
1469 2259 1570 2315 τὸν
1612 2267 1682 2329 Ζ,
1731 2260 1910 2325 οὕτως

214 2346 243 2403 6
285 2354 333 2403 Θ
370 2346 509 2419 πρὸς
545 2346 646 2403 τὸν
686 2354 760 2404 Κ·
808 2348 901 2406 καὶ
953 2345 1028 2413 ὥς
1076 2348 1186 2421 ἄρα
1227 2345 1256 2403 6
1299 2353 1347 2403 Θ
1385 2347 1525 2421 πρὸς
1562 2347 1663 2404 τὸν
1703 2354 1776 2418 Κ,
1818 2349 1908 2404 οὕ-

123 2448 181 2489 25
215 2458 320 2501 τως
361 2434 390 2492 ὁ
431 2442 483 2492 Λ
521 2436 661 2506 πρὸς
698 2435 799 2492 τὸν
839 2443 902 2492 Β.
980 2439 1206 2508 ἐδείχθη
1255 2435 1316 2491 δὲ
1354 2437 1446 2492 καὶ
1488 2434 1561 2502 ὡς
1601 2434 1630 2492 6
1671 2442 1738 2491 H
1768 2436 1910 2509 πρὸς

214 2524 317 2580 τὸν
357 2531 431 2595 Θ,
480 2522 656 2591 οὕτως
704 2523 733 2580 6
781 2533 834 2581 A
879 2523 1019 2598 πρὸς
1057 2523 1156 2580 τὸν
1196 2529 1268 2579 Λ·
1321 2522 1396 2579 δι’
1441 2532 1568 2580 ἴσου
1608 2523 1717 2596 ἄρα
1758 2526 1910 2582 ἐστὶν

334 2700 375 2739 4.
410 2695 520 2753 μέν]
555 2709 643 2739 om.
675 2695 726 2739 P.
866 2700 906 2740 8.
940 2692 1070 2767 γάρ]
1093 2690 1177 2739 nist
1202 2711 1253 2750 φ.
1392 2698 1461 2737 11.
1494 2691 1577 2737 τὸν
1613 2695 1685 2753 Η]
1718 2690 1742 2738 6
1778 2697 1827 2738 Η
1855 2694 1907 2740 P.

217 2760 286 2800 12.
318 2752 401 2798 τὸν
434 2755 504 2813 Λ]
539 2750 564 2798 6
599 2758 640 2797 A
671 2753 720 2798 P.
834 2759 902 2799 13.
937 2755 1018 2798 καὶ
1051 2751 1075 2798 6
1111 2758 1152 2796 A
1177 2779 1233 2786 —
1262 2757 1338 2797 14.
1371 2753 1584 2825 ποιείτω]
1620 2767 1708 2798 om.
1742 2754 1904 2799 Theon

215 2814 268 2868 (B
285 2814 403 2884 Vm)
482 2826 642 2857 eorum
686 2812 791 2858 loco
840 2813 1019 2858 habent
1068 2812 1225 2868 Bqu:
1281 2810 1330 2856 οἷ
1373 2809 1465 2882 ἄρα
1506 2814 1575 2867 Η,
1610 2814 1674 2867 Θ,
1707 2816 1754 2857 K
1788 2809 1906 2867 πρὸς

210 2869 448 2943 ἀλλήλους
470 2871 629 2942 ἔχουσι
660 2870 771 2923 τοὺς
801 2872 896 2916 τῶν
930 2873 1144 2942 πλευρῶν
1175 2869 1357 2942 λόγους.
1420 2866 1525 2941 ᾇλλ’
1554 2870 1578 2915 ὁ
1607 2872 1693 2915 τοῦ
1720 2875 1770 2915 Η
1789 2870 1908 2927 πρὸς

209 2929 292 2975 τὸν
323 2934 368 2975 Κ
397 2929 534 2988 λόγος
566 2927 807 2987 σύγκειται
841 2926 894 2975 ἐκ
926 2932 1011 2975 τοῦ
1045 2932 1129 2976 τοῦ
1163 2932 1211 2974 H
1241 2926 1357 2988 πρὸς
1388 2926 1473 2974 τὸν
1510 2931 1550 2974 Θ
1582 2929 1664 2974 καὶ
1701 2931 1785 2974 τοῦ
1819 2931 1907 2974 τοῦ
