1988 3152
255 162 364 216 320
882 164 1216 208 mommsen
1245 161 1315 221 η’.

366 282 526 352 Λέγω
578 280 675 352 δή,
730 278 816 348 ὅτι
861 280 955 335 καὶ
1002 279 1032 336 6
1079 289 1133 336 A
1178 281 1317 354 πρὸς
1362 282 1462 339 τὸν
1511 289 1555 338 Β
1613 286 1946 338 διπλασίονα

253 368 426 440 λόγον
473 373 583 440 ἔχει
613 367 778 440 ’ἥπερ
824 366 859 440 ὴ
909 368 1184 440 ὁμόλογος
1229 369 1440 443 πλευρὰ
1486 370 1625 440 πρὸς
1670 369 1774 441 τὴν
1815 368 1946 442 ὁμό-

253 463 427 527 λογον
473 456 749 529 πλευροέν,
793 457 1080 513 τουτέστιν
1126 458 1265 530 ἤπερ
1315 456 1344 513 6
1385 463 1439 513 Γ
1483 456 1622 530 πρὸς
1666 457 1767 514 τὸν
1815 464 1868 513 Ε
1910 454 1944 529 ἢ

255 545 285 600 6
343 552 399 600 A
445 543 584 617 πρὸς
631 544 733 601 τὸν
780 552 840 601 Ζ.
917 546 1032 601 ἐπεὶ
1078 546 1186 618 γὰρ
1235 548 1294 601 οἱ
1337 554 1415 617 Α,
1446 551 1529 616 Η,
1561 552 1608 601 Β
1656 548 1778 618 ἑξῆς
1818 544 1949 601 ἀνά-

195 647 221 686 5
254 633 428 704 λογόν
468 637 640 704 εἰσιν,
681 631 711 690 6
751 641 805 689 A
843 632 983 706 πρὸς
1020 632 1119 689 τὸν
1159 640 1206 689 Β
1247 638 1584 690 διπλασίονα
1622 635 1794 706 λόγον
1835 639 1945 706 ἔχει

253 721 393 795 ἤπερ
441 722 580 795 πρὸς
626 721 724 778 τὸν
771 728 844 778 Η.
919 727 1018 777 καί
1063 724 1213 778 ἐστιν
1261 720 1334 788 ὡς
1382 720 1411 778 6
1461 730 1514 777 A
1552 722 1692 794 πρὸς
1728 723 1829 779 τὸν
1869 728 1944 793 Η,

254 812 431 878 οὕτως
463 810 494 867 ὅ
526 833 583 867 τε
622 816 675 867 Γ
707 810 845 884 πρὸς
882 809 982 866 τὸν
1021 817 1073 865 Ε
1107 811 1200 865 καὶ
1242 810 1271 866 6
1315 817 1369 865 A
1407 809 1545 883 πρὸς
1583 809 1682 866 τὸν
1726 817 1786 867 Ζ.
1851 811 1944 866 καὶ

254 899 284 955 6
325 908 378 955 A
416 898 526 973 ἄρα
565 898 703 973 πρὸς
740 898 840 955 τὸν
881 906 927 954 Β
969 903 1302 954 διπλασίονα
1349 898 1521 969 λόγον
1569 903 1678 970 ἔχει
1728 897 1868 971 ἥπερ
1911 896 1940 954 6

254 993 309 1043 Γ
342 986 482 1059 πρὸς
519 987 618 1044 τὸν
658 995 711 1044 Ε
745 985 779 1059 ἢ
822 987 851 1044 6
894 994 949 1042 A
987 986 1124 1058 πρὸς
1162 985 1264 1042 τὸν
1305 993 1372 1042 Ζ·
1422 988 1556 1059 ὅπερ
1597 989 1709 1043 ἔδει
1750 988 1941 1053 δεῖξαι.

167 1186 223 1226 10
360 1170 365 1178 ’
1045 1164 1147 1228 ιθ’,

203 1262 213 1275 ’
365 1267 506 1323 Δύο
562 1264 811 1340 ὁμοίων
867 1271 1151 1340 στερεῶν
1206 1265 1514 1339 ἀριθμῶν
1570 1267 1688 1323 δύο
1753 1267 1946 1338 μέσοι

252 1355 587 1427 ἀνάλογον
628 1359 1068 1428 ἐμπίπτουσιν
1109 1354 1411 1428 ἀριθμοί·
1450 1357 1556 1410 καὶ
1598 1356 1626 1411 6
1679 1354 1947 1427 στερεὸς

252 1445 413 1517 πρὸς
464 1445 579 1501 τὸν
627 1446 868 1517 ὅμοιον
925 1444 1197 1517 στερεὸν
1243 1449 1687 1516 τριπλασίονα
1742 1444 1947 1515 λόγον

253 1539 385 1606 ἔχει
439 1533 599 1606 ἥπερ
654 1531 689 1604 ἡ
742 1531 1066 1604 ὁμόλογος
1110 1531 1358 1604 πλευρὰ
1408 1530 1570 1604 πρὸς
1623 1529 1742 1602 τὴν
1792 1530 1945 1603 ὁμό-

168 1642 220 1682 15
254 1629 456 1695 λογον
494 1621 802 1695 πλευράν.

350 1711 642 1769 ’Ἑστωσαν
697 1710 802 1766 δύο
860 1707 1047 1781 ὅμοιοι
1102 1710 1314 1781 στερεοὶ
1371 1711 1430 1765 οἰ
1472 1715 1551 1778 Α,
1583 1713 1655 1779 Β,
1706 1708 1798 1763 καὶ
1845 1712 1945 1764 τοῦ

253 1800 355 1872 μὲν
394 1808 448 1856 A
485 1799 720 1872 πλευραὶ
760 1801 1010 1853 ἔστωσαν
1050 1800 1109 1854 οἱ
1144 1802 1216 1867 Γ,
1249 1804 1328 1867 Δ,
1362 1803 1434 1868 Ε,
1475 1799 1578 1852 τοῦ
1618 1795 1680 1852 δὲ
1712 1802 1759 1851 Β
1793 1799 1851 1852 οἱ
1881 1803 1944 1867 Ζ,

254 1893 337 1959 Η,
371 1895 433 1945 Θ.
507 1888 600 1942 καὶ
655 1887 770 1943 ἐπεὶ
825 1886 1012 1957 ὅμοιοι
1067 1891 1287 1958 στερεοί
1336 1888 1480 1939 εἰσιν
1544 1887 1602 1939 οί
1661 1883 1945 1956 ἀνάλογον

255 1982 472 2049 ἔχοντες
524 1976 623 2042 τὰς
676 1974 942 2047 πλευράς,
998 1978 1149 2029 ἔστιν
1204 1972 1314 2046 ἄρα
1362 1971 1435 2038 ὡς
1487 1972 1589 2044 μὲν
1638 1971 1666 2027 6
1717 1978 1772 2028 Γ
1807 1973 1946 2046 πρὸς

165 2086 221 2124 20
252 2065 353 2122 τὸν
393 2072 467 2136 Δ,
509 2062 686 2129 οὕτως
726 2061 754 2118 6
798 2070 842 2118 Z
881 2061 1021 2135 πρὸς
1058 2060 1159 2118 τὸν
1200 2066 1272 2133 Η,
1313 2059 1387 2127 ὡς
1426 2061 1488 2116 δὲ
1520 2061 1549 2116 6
1586 2068 1641 2116 A
1671 2061 1810 2134 πρὸς
1841 2061 1944 2118 τὸν

253 2161 326 2224 Ε,
382 2153 558 2219 οὕτως
613 2153 641 2208 6
691 2158 757 2207 H
795 2150 933 2224 πρὸς
978 2150 1079 2207 τὸν
1126 2157 1188 2207 Θ.
1263 2152 1431 2222 λέγω,
1489 2152 1574 2206 ὅτι
1619 2154 1732 2206 τῶν
1787 2159 1865 2221 Α,
1899 2158 1946 2207 Β

255 2243 359 2299 δύο
415 2244 573 2314 μέσοι
628 2240 913 2311 ἀνάλογον
964 2242 1329 2311 ἐμπίπτουσιν
1374 2238 1637 2312 ἀριθμοί,
1686 2240 1778 2294 καὶ
1821 2239 1849 2294 6
1894 2248 1945 2294 A

252 2330 392 2404 πρὸς
436 2330 537 2386 τὸν
584 2337 631 2386 Β
677 2334 1044 2403 τριπλασίονα
1091 2328 1263 2400 λόγον
1311 2333 1419 2401 ἔχει
1466 2325 1605 2400 ἥπερ
1647 2326 1676 2384 6
1719 2333 1773 2384 Γ
1801 2327 1943 2401 πρὸς

251 2418 352 2475 τὸν
392 2426 437 2474 Ζ
476 2421 567 2475 καὶ
607 2419 637 2474 6
681 2425 735 2473 A
774 2416 913 2490 πρὸς
950 2416 1051 2472 τὸν
1091 2422 1157 2471 Η
1185 2417 1277 2472 καὶ
1318 2421 1397 2473 ἔτι
1437 2418 1465 2473 6
1502 2424 1554 2472 E
1581 2415 1719 2489 πρὸς
1748 2416 1849 2472 τὸν
1883 2422 1941 2471 Θ.

166 2527 222 2567 25
357 2507 416 2563 Ὁ
463 2513 516 2564 Γ
554 2507 662 2582 γὰρ
700 2506 803 2563 τὸν
844 2513 900 2561 A
936 2506 1424 2572 πολλαπλασιάσας
1462 2504 1561 2562 τὸν
1601 2511 1658 2560 Κ
1701 2509 1943 2576 ποιείτω,

254 2594 283 2652 6
336 2596 399 2652 δὲ
447 2603 492 2651 Ζ
537 2596 636 2652 τὸν
680 2601 740 2652 Η
779 2595 1266 2661 πολλαπλασιάσας
1303 2594 1404 2650 τὸν
1446 2601 1497 2649 Λ
1536 2599 1776 2650 ποιείτω.
1851 2594 1943 2648 καὶ

373 2779 414 2818 4.
447 2770 552 2832 τόν]
585 2770 671 2829 τήν
701 2773 752 2818 Ρ.
876 2779 915 2818 6.
949 2770 1053 2831 τόν]
1095 2772 1235 2844 (alb.)
1249 2786 1364 2817 corr.
1398 2785 1455 2815 ex
1485 2768 1538 2814 τό
1572 2786 1632 2815 m.
1667 2775 1693 2815 2
1726 2769 1774 2815 P.
1899 2774 1939 2813 8.

254 2829 349 2889 ἄρα
390 2833 671 2877 διπλασίονα
711 2828 852 2888 λόγον
895 2830 992 2890 ἔχει
1031 2831 1147 2888 πρὸς
1189 2829 1272 2876 τὸν
1305 2834 1339 2874 Β
1372 2830 1474 2884 Vq).
1598 2825 1623 2873 6
1659 2830 1726 2888 Γ]
1760 2846 1785 2874 ο
1819 2845 1866 2872 τε
1904 2831 1947 2872 Γ

252 2891 456 2946 ΡΒῩφς
481 2905 594 2936 corr.
621 2890 694 2936 ed.
719 2891 861 2965 Bpasil.
956 2896 1025 2936 11.
1059 2890 1209 2950 μέσοι]
1236 2905 1393 2963 ομοιοι
1415 2888 1459 2933 V
1485 2890 1617 2944 (corr.
1643 2904 1704 2932 m.
1731 2890 1856 2944 rec.)‚
1890 2905 1940 2943 φ.

256 2957 325 2996 16.
367 2949 438 3009 οἷ]
479 2947 679 3008 ἀριθμοὶ
717 2967 762 2994 οι
802 2967 859 3006 φ,
892 2950 1003 2997 Vm.
1037 2956 1078 2996 2.
1232 2955 1303 2995 17.
1335 2946 1443 3007 μέν]
1485 2961 1575 2995 om.
1606 2946 1666 3003 B,
1708 2960 1848 3004 supra
1879 2962 1940 2991 m.
