1988 3152
144 188 147 189 ⁷
217 122 328 195 256
849 143 1184 185 ΣΤοῙΧΕῙΩΝ
1216 138 1274 194 ζ’.

214 264 528 330 πεποίηκεν.
607 257 701 314 διὰ
746 257 813 314 τὰ
862 258 1004 314 αὐτὰ
1053 258 1123 331 δὴ
1169 261 1262 317 καὶ
1311 258 1340 316 6
1381 266 1435 315 Ε
1475 258 1578 315 τὸν
1618 267 1673 315 A
1711 265 1910 315 πολλα-

216 347 528 412 πλασιάσας
565 345 666 402 τὸν
697 354 750 402 Α
781 352 1094 418 πεποίηκεν.
1165 354 1286 413 ἴσος
1316 346 1427 420 ἄρα
1458 347 1609 403 ἐστὶν
1642 345 1672 403 6
1707 349 1766 402 ἐκ
1797 350 1910 403 τῶν

218 442 285 507 Ε,
327 443 382 490 A
418 439 494 511 τῷ
535 437 595 490 ἐκ
631 439 746 491 τῶν
778 442 843 506 Θ,
884 441 961 491 Μ
1025 439 1174 491 ἔστιν
1214 434 1324 508 ἄρα
1364 433 1439 500 ὡς
1477 433 1506 491 6
1548 442 1601 491 Ε
1634 436 1773 508 πρὸς
1810 433 1911 490 τὸν

219 530 293 594 Θ,
342 524 520 589 οὕτως
567 521 597 579 6
637 529 711 578 Μ
749 522 888 595 πρὸς
931 521 1033 578 τὸν
1074 530 1143 579 A.
1204 529 1404 594 μείζων
1443 523 1507 578 δὲ
1546 521 1576 578 6
1618 530 1671 578 Ε
1705 526 1805 579 τοῦ
1845 529 1914 578 Θ·

159 628 188 667 5
221 616 420 683 μείζων
451 610 563 680 ἄρα
600 611 694 665 καὶ
733 609 763 666 6
790 617 860 666 Μ
892 614 995 667 τοῦ
1022 618 1092 666 Δ.
1152 611 1246 666 καὶ
1285 622 1472 682 μετρεῖ
1505 610 1638 676 τοὺς
1661 619 1731 681 A,
1757 618 1823 681 Β,
1847 616 1913 666 Γ·

219 697 354 771 ὅπερ
396 699 547 755 ἐστὶν
585 698 891 755 ἀδύνατον·
944 698 1233 756 ὑπόκειται
1262 697 1369 771 γὰρ
1403 697 1433 755 6
1460 705 1515 753 A
1545 702 1658 754 τῶν
1682 707 1753 769 A,
1779 706 1844 769 Β,
1871 704 1923 754 Γ

218 787 282 843 τὸ
335 789 596 859 μέγιστον
645 786 842 844 κοινὸν
896 789 1113 861 μέτρον.
1193 785 1296 842 οὐκ
1346 785 1456 858 ἄρα
1501 790 1730 842 ἔσονταί
1771 809 1916 852 τινες

218 878 333 931 τῶν
372 881 446 946 Ε,
487 882 558 946 Ζ,
600 881 663 930 Η
708 875 1006 941 ἐλάσσονες
1051 873 1289 947 ἀριθμοὶ
1336 877 1397 930 ἐν
1443 878 1519 951 τῷ
1568 872 1718 952 αὐτῷ
1765 875 1915 950 λόγῳ

222 963 379 1030 ὄντες
416 974 533 1030 τοῖς
573 972 649 1035 A,
688 970 762 1034 Β,
802 969 863 1019 Γ.
941 966 1000 1019 οἱ
1036 970 1102 1034 Ε,
1144 969 1208 1034 Ζ,
1247 969 1312 1018 Η
1343 962 1452 1035 ἄρα
1492 962 1776 1035 ἐλάχιστοί
1810 967 1915 1018 εἰσι

134 1068 190 1107 10
221 1055 334 1108 τῶν
382 1050 482 1108 τὸν
530 1049 706 1107 αὐτὸν
753 1051 927 1122 λόγον
973 1051 1219 1123 ἐχόντων
1264 1062 1381 1116 τοῖς
1419 1059 1498 1121 A,
1537 1057 1610 1121 Β,
1651 1056 1716 1105 Γ·
1781 1051 1916 1122 ὅπερ

221 1145 334 1197 ἔδει
375 1142 564 1207 δεῖξαι.

1010 1243 1123 1299 λδ’.

335 1345 476 1401 Δύο
540 1343 849 1417 ἀριθμῶν
913 1347 1258 1401 δοθέντων
1320 1342 1572 1418 εὑρεῖν,
1635 1341 1712 1400 ὃν
1776 1343 1919 1400 ἐλά-

222 1450 452 1505 χιστον
491 1437 852 1506 μετροῦσιν
893 1431 1205 1505 ἀριθμόν.

136 1546 190 1585 15
319 1519 612 1577 ’Ἐστωσαν
662 1524 720 1577 οἱ
763 1523 1027 1587 δοθέντες
1076 1521 1181 1577 δύο
1223 1519 1458 1593 ἀριθμοὶ
1499 1523 1557 1576 οἰ
1592 1528 1670 1592 Α,
1710 1527 1778 1576 Β·
1836 1524 1924 1576 δεῖ

223 1608 293 1679 δὴ
334 1607 539 1681 εὑρεῖν,
581 1606 650 1665 ὃν
690 1609 982 1681 ἐλάχιστον
1021 1613 1321 1681 μετροῦσιν
1361 1608 1626 1682 ἀριθμόν.

338 1699 411 1751 Οἱ
447 1706 517 1768 A,
558 1704 604 1752 Β
651 1695 757 1770 γὰρ
784 1695 921 1768 ’ἤτοι
961 1701 1169 1769 πρῶτοι
1209 1695 1348 1770 πρὸς
1388 1695 1664 1768 ἀλλήλους
1704 1697 1848 1752 εἰσὶν
1885 1693 1920 1769 ἢ

225 1785 308 1842 οὔ.
387 1779 635 1842 ἔστωσαν
687 1786 960 1858 πρότερον
1009 1789 1067 1841 οἷ
1102 1793 1181 1857 A,
1221 1793 1268 1841 Β
1315 1789 1524 1858 πρῶτοι
1572 1783 1710 1858 πρὸς
1757 1784 1921 1857 ἀλλή-

223 1880 374 1944 λους,
414 1874 505 1928 καὶ
547 1871 575 1930 6
617 1881 670 1928 A
707 1872 808 1928 τὸν
847 1879 894 1928 Β
934 1874 1426 1938 πολλαπλασιάσας
1463 1871 1565 1928 τὸν
1590 1878 1644 1927 Γ
1674 1879 1920 1929 ποιείτω·

136 1985 192 2025 20
224 1962 316 2017 καὶ
357 1960 385 2017 6
420 1968 467 2017 Β
508 1961 616 2033 ἄρα
653 1959 754 2018 τὸν
780 1970 832 2017 Α
870 1961 1358 2027 πολλαπλασιάσας
1394 1959 1493 2016 τὸν
1526 1966 1580 2016 Γ
1609 1966 1921 2032 πεποίηκεν.

227 2053 284 2106 οἱ
326 2057 405 2120 A,
447 2055 493 2104 Β
549 2049 660 2122 ἄρα
713 2049 814 2105 τὸν
855 2055 908 2105 Γ
954 2053 1270 2121 μετροῦσιν.
1346 2049 1488 2119 λέγω
1544 2048 1641 2119 δή,
1697 2049 1781 2103 ὅτι
1828 2050 1920 2104 καὶ

226 2138 530 2211 ἐλάχιστον.
608 2141 659 2193 εἰ
707 2135 813 2209 γὰρ
860 2138 962 2208 μή,
1013 2137 1355 2209 μετρήσουσί
1394 2157 1519 2191 τινα
1567 2135 1819 2208 ἀριθμὸν
1868 2139 1926 2192 οἰ

225 2234 295 2296 A,
336 2232 383 2281 Β
426 2225 703 2282 ἐλάσσονα
745 2223 880 2280 ὅντα
919 2229 1022 2280 τοῦ
1055 2231 1115 2281 Γ.
1170 2229 1541 2297 μετρείτωσαν
1572 2222 1675 2279 τὸν
1707 2232 1774 2280 A.
1829 2226 1922 2281 καὶ

227 2310 420 2378 ὁσάκις
459 2312 489 2368 6
523 2321 576 2368 A
612 2311 714 2368 τὸν
748 2319 804 2368 A
843 2325 1044 2385 μετρεῖ,
1085 2317 1351 2368 τοσαῦται
1390 2313 1632 2383 μονάδες
1670 2316 1920 2368 ἔστωσαν

136 2428 194 2469 25
227 2403 288 2458 ἐν
326 2405 402 2477 τῷ
445 2408 510 2472 Ε,
552 2400 744 2466 ὁσάκις
784 2400 845 2456 δὲ
886 2400 915 2456 6
958 2408 1005 2456 Β
1042 2400 1144 2457 τὸν
1184 2408 1239 2456 A
1277 2412 1481 2473 μετρεῖ,
1519 2403 1783 2455 τοσαῦται
1823 2423 1920 2472 μο-

226 2489 394 2554 νάδες
433 2494 682 2544 ἔστωσαν
723 2492 783 2544 ἐν
821 2493 898 2565 τῷ
932 2496 997 2544 Ζ·
1054 2486 1083 2545 6
1125 2487 1228 2560 μὲν
1261 2496 1313 2543 A
1350 2486 1460 2560 ἄρα
1498 2487 1599 2543 τὸν
1631 2494 1685 2543 Ε
1718 2495 1920 2544 πολλα-

350 2672 386 2710 1.
413 2667 640 2737 πεποίηκε
660 2667 760 2722 ch.
853 2662 934 2710 διὰ
952 2663 1149 2709 zoi—2:
1175 2664 1473 2735 πεποίηκεν]
1473 2678 1563 2708 om.
1581 2680 1625 2721 p.
1719 2669 1759 2709 8.
1786 2661 1921 2716 ὄντες

230 2721 282 2770 ἐν
313 2726 376 2785 τῷ
409 2721 537 2782 αὐτῷ
571 2722 694 2794 λόγῳ
724 2741 770 2782 p.
893 2730 933 2769 9.
968 2723 1086 2768 εἰσιν
1118 2725 1168 2768 Ρ.
1293 2729 1360 2768 12.
1394 2720 1473 2767 λς’
1506 2723 1617 2778 BV,
1650 2723 1686 2767 P
1710 2738 1770 2767 m.
1804 2738 1918 2779 rec.;

228 2780 298 2837 λζ’
322 2798 368 2839 p.
463 2771 530 2827 15¹.
557 2782 643 2827 δύο
664 2771 870 2839 ἀριθμοὶ
894 2781 942 2828 οι
962 2783 1190 2834 δοθέντες
1213 2798 1258 2839 p.
1351 2787 1420 2826 16.
1446 2758 1676 2842 ἀριθμόν]
1705 2797 1794 2827 om.
1810 2783 1917 2854 ch.

233 2847 300 2886 19.
341 2839 424 2886 τὸν
466 2846 688 2886 Γ-2Οε
736 2839 1173 2900 πολλαπλασιάσας]
1215 2855 1307 2897 mg.
1339 2856 1399 2884 m.
1434 2846 1458 2884 2
1494 2842 1543 2884 Β.
1696 2846 1768 2886 20.
1799 2837 1914 2900 αρα]

230 2915 379 2958 comp.
414 2915 555 2957 supra
586 2901 642 2956 V,
677 2917 744 2945 ετι
777 2918 826 2956 φ.
963 2906 1034 2944 21.
1068 2901 1148 2944 καὶ
1182 2898 1231 2943 οἷ
1256 2900 1307 2944 Ρ.
1371 2900 1588 2956 μετροῦσι
1621 2900 1722 2957 Vq).
1846 2905 1917 2947 22.
