1988 3152
527 6 987 49 ELEMENTORUM
1016 6 1198 48 LIBER
1227 5 1306 48 IX.
1663 1 1772 54 395

820 154 1016 208 XXIV.

184 259 241 314 Si
275 279 306 313 a
336 277 561 312 numero
594 259 714 328 pari
745 277 846 327 par
871 258 1228 327 subtrahitur,
1258 257 1497 327 reliquus
1523 274 1624 326 par
1649 256 1769 309 erit.

179 349 324 403 Nam
357 368 388 401 a
419 349 539 418 pari
570 365 792 401 numero
819 349 929 399 ΑΒ
960 365 1062 416 par
1095 340 1449 399 subtrahatiir
1473 347 1592 399 ΒΓ.
1634 345 1768 415 dico,

10 451 17 453 “
69 439 336 508 reliquum
374 439 476 491 ΓΑ
513 454 701 505 parem
742 453 873 488 esse.

675 556 712 596 A
925 554 969 595 Γ
1115 554 1151 594 Β

952 626 957 656 ι
1139 626 1143 654 ι

0 232 13 270 ,ὃ

180 738 310 773 nam
350 719 606 788 quoniam
630 722 739 772 AB
778 738 879 788 par
910 721 1008 787 est,
1046 720 1259 786 partem
1292 718 1571 771 dimidiam
1601 717 1770 770 habeb

73 808 203 875 [VII
243 807 346 861 def.
387 808 460 874 6].
537 808 723 861 eadem
772 808 837 861 de
885 825 1048 861 causa
1096 807 1260 860 etiam
1300 809 1411 861 ΒΓ
1440 809 1653 876 partem
1694 805 1768 858 di-

0 916 10 947 ι
69 898 292 950 midiam
322 897 505 950 habet.
566 915 693 968 ergo
735 898 900 951 etiam
932 896 1172 967 reliquus
1197 898 1314 949 ΑΓ
1343 914 1444 966 par
1480 898 1582 966 est3
1626 894 1769 965 quod

0 972 5 1055 ζ
70 989 186 1039 erat
224 985 716 1040 demonstrandum.

835 1118 1006 1172 XXV.

182 1223 239 1277 Si
280 1243 312 1278 a
348 1241 569 1277 numero
608 1224 728 1293 pari
766 1224 943 1292 impar
964 1185 1345 1293 'subtrahitun
1394 1221 1632 1292 reliquus
1671 1221 1770 1274 im-

27 1316 31 1318 ’
66 1332 168 1382 par
207 1314 324 1367 erit.

178 1401 320 1455 Nam
376 1421 408 1454 a
455 1402 573 1472 pari
620 1419 845 1454 numero
882 1405 991 1454 AB
1037 1400 1215 1469 impar
1257 1399 1610 1454 subbrahatur
1648 1402 1769 1455 ΒΓ.

68 1492 203 1561 dice,
240 1491 510 1561 reliquum
550 1492 652 1542 ΓΛ
690 1490 955 1558 imparem
995 1507 1129 1543 esse.

603 1643 640 1709 Ἀ
892 1669 1034 1710 ΓΛ
1186 1620 1222 1709 ia

180 1773 533 1826 subtrahatur
580 1772 722 1825 enim
771 1790 802 1824 a
849 1772 963 1823 ΒΓ
1002 1771 1183 1824 unitas
1232 1773 1350 1824 ΓΔ.
1428 1769 1610 1842 itaque
1657 1775 1770 1825 AB

68 1881 168 1931 par
209 1866 293 1915 esf,
326 1861 453 1928 [VII
479 1861 581 1915 def.
610 1861 680 1928 7].
734 1878 925 1913 uerum
965 1859 1130 1913 etiam
1161 1862 1271 1912 AB
1312 1879 1411 1929 par
1452 1863 1551 1915 est.
1605 1879 1771 1931 quare

69 1952 233 2004 etiam
279 1951 516 2021 reliquus
556 1954 675 2003 AA
719 1968 820 2019 par
860 1951 944 2002 est
984 1951 1158 2019 [prop.
1188 1948 1416 2016 XXIV}
1495 1952 1549 2003 et
1587 1951 1769 2004 unitas

70 2044 153 2093 est
191 2042 310 2093 ΓΔ.
385 2057 514 2110 ergo
554 2041 655 2092 ΓΑ
694 2039 870 2108 impar
910 2041 993 2091 est
1035 2037 1164 2104 [VII
1204 2037 1306 2092 def.
1349 2039 1426 2107 7];
1467 2039 1612 2109 quod
1652 2042 1770 2093 erat

68 2128 566 2183 demonstrandum.

818 2246 1019 2300 XXVI.

182 2351 238 2405 Si
294 2371 327 2406 a
372 2370 595 2405 numero
643 2350 842 2422 impari
887 2351 1064 2420 impar
1112 2350 1473 2421 sub'wahitnr,
1528 2352 1766 2422 reliquus

68 2461 167 2512 par
207 2442 323 2496 eriiz.

631 2543 668 2632 'A
889 2592 933 2633 Γ
1049 2592 1189 2633 ΔΒ

910 2543 1065 2572 1-
1077 2542 1172 2572 —1

182 2694 327 2749 Nam
381 2694 449 2748 ab
504 2694 700 2763 impari
753 2713 978 2749 numero
1027 2698 1137 2748 AB
1191 2695 1370 2766 impar
1416 2692 1772 2748 subtrahatur

68 2786 183 2837 ΒΓ.
247 2782 380 2853 dieo,
419 2784 685 2852 reliquum
725 2786 826 2836 ΓΑ
864 2802 1052 2854 parem
1093 2802 1226 2838 esse.
