1988 3152
775 506 960 566 Liber
1008 505 1079 565 V.

699 650 1161 704 DefinitioneS.

206 759 253 809 1.
292 756 427 809 Pars
466 759 551 809 est
589 756 765 808 minor
788 753 1114 825 magnitudo
1149 753 1391 822 maioris,
1432 753 1478 804 si
1516 752 1778 804 maiorem

89 845 326 899 metitur.

153 991 159 996 ‚
200 934 250 986 2.
289 932 577 1003 Multiplex
619 936 803 986 autem
843 931 1017 984 maior
1062 933 1146 984 est
1199 930 1456 995 1111110113,
1510 931 1557 982 si
1604 929 1782 981 minor

88 1041 206 1075 33111
246 1022 507 1086 metitur„

195 1111 244 1163 3.
282 1109 446 1163 Ratio
471 1113 557 1163 est
581 1110 807 1163 duarum
833 1108 1075 1162 eiusdem
1100 1108 1312 1178 generis
1331 1106 1771 1177 magnitudinum

3 1268 5 1271 ι
86 1199 378 1253 secundum
417 1199 776 1268 quantitatem
817 1197 1092 1267 quaelibet
1130 1195 1410 1248 habitudo,

197 1290 249 1341 4.
287 1286 579 1340 Rationem
617 1287 760 1339 inter
800 1303 856 1338 se
903 1285 1101 1338 habere
1148 1283 1555 1356 magnitudines
1597 1284 1780 1337 dicun-

83 1380 188 1446 tur,
205 1394 342 1446 quae
366 1375 762 1444 multiplicatae
787 1374 963 1428 altera
987 1375 1215 1428 alteram
1241 1391 1498 1443 superare
1530 1375 1779 1442 possunt.

195 1465 244 1520 5.
282 1465 347 1518 In
394 1464 582 1517 cadem
635 1464 848 1517 ratione
902 1462 1306 1532 magnitudines
1362 1480 1480 1515 esse
1529 1461 1775 1515 dicuntur

84 1554 263 1623 prima
304 1553 370 1607 ad
411 1552 700 1606 secundam
740 1555 795 1606 et
839 1553 1007 1605 tertia
1047 1552 1114 1605 ad
1156 1554 1430 1622 quartam,
1480 1551 1526 1605 si
1572 1551 1781 1620 primae

85 1647 140 1695 et
168 1643 362 1696 tertiae
396 1660 564 1712 aeque
597 1642 931 1711 multiplices
972 1640 1235 1694 secundae
1270 1643 1324 1694 et
1349 1643 1575 1710 quartae
1612 1657 1780 1709 aeque

84 1731 411 1800 multiplices
466 1734 562 1784 aut
615 1731 776 1783 simul
835 1732 1096 1800 superant
1150 1732 1245 1782 aut
1308 1729 1467 1782 simul
1524 1728 1778 1797 aequales

85 1824 212 1873 sunt
256 1824 350 1874 aut
399 1821 560 1873 simul
606 1820 845 1873 minores
897 1821 1025 1872 sunt
1073 1836 1169 1871 suo
1220 1817 1406 1871 ordine
1418 1816 1461 1888 1)
1512 1822 1779 1886 sumptae.

197 1910 247 1962 6.
285 1908 690 1979 Magnitudines
723 1911 904 1961 autem
943 1907 1172 1961 eandem
1204 1907 1472 1960 rationem
1509 1906 1773 1959 habentes

86 1996 517 2064 proportionales
555 1999 835 2050 nocentur.

207 2130 248 2183 1)
281 2125 380 2172 Hoc
398 2127 489 2171 est:
521 2126 589 2171 ita
612 2126 666 2169 ut
682 2125 1024 2183 coniungantur
1038 2125 1190 2183 prima
1207 2125 1454 2181 secundae,
1478 2124 1622 2169 tertia
1638 2139 1774 2181 quar-

83 2187 162 2230 tae
183 2187 230 2229 et
252 2186 536 2243 respondeat
557 2185 662 2229 loco
687 2186 735 2229 et
759 2185 918 2229 ordine
942 2184 1094 2241 prima
1125 2185 1311 2239 tertiae,
1338 2184 1544 2228 secunda
1567 2187 1779 2240 quartae.

482 2237 540 2284 >
786 2272 796 2280 .
1066 2234 1123 2283 >

83 2274 245 2331 itaque
285 2274 324 2318 si
358 2274 456 2318 Ma
480 2273 642 2359 {Hb
674 2274 723 2317 et
761 2272 900 2317 simul
945 2273 1036 2318 Mc
1059 2286 1118 2358 Ξ
1145 2273 1255 2330 Nol,
1297 2272 1387 2317 erit
1426 2287 1490 2317 a:
1517 2273 1542 2317 b
1569 2294 1624 2310 ==
1650 2286 1674 2319 c
1699 2290 1708 2316 :
1734 2273 1778 2339 d.

83 2362 163 2408 cfr.
197 2362 403 2408 Hankel:
437 2363 527 2406 Zur
557 2361 725 2407 Gesch.
758 2362 840 2406 der
869 2360 1147 2407 Mathemat.
1177 2378 1222 2420 p
1257 2367 1359 2407 390.

81 2482 109 2509 ν
139 2479 279 2524 supra
302 2481 362 2512 111.
390 2471 412 2510 1
438 2466 489 2511 P.
613 2471 655 2510 9.
687 2461 958 2523 ὑπερέχειν]
993 2481 1089 2510 -ειν
1120 2465 1169 2510 in
1199 2478 1288 2510 ras.
1322 2465 1376 2510 V.
1504 2470 1571 2510 14.
1605 2467 1778 2510 πολλα-

81 2525 384 2584 πλασιασμῶν
414 2525 474 2581 Ρ,
507 2539 621 2571 corr.
653 2539 714 2570 m.
751 2530 790 2569 1.
913 2530 983 2570 15.
1015 2521 1238 2582 ὑπερέχει
1273 2525 1321 2568 Β.
1456 2516 1507 2584 ᾖ]
1543 2538 1685 2582 supra
1715 2540 1777 2569 m.

87 2590 108 2628 1
141 2583 192 2629 F.
312 2560 516 2629 ἐλλείπει
553 2585 605 2629 Β.
728 2582 998 2642 ληφθέντα]
1040 2602 1110 2641 -η-
1152 2598 1176 2628 3
1218 2598 1333 2629 corr.
1375 2589 1506 2630 1112
1539 2583 1595 2628 V.
1657 2583 1774 2628 Deff.

81 2648 195 2688 6-7
221 2644 508 2701 permutauit
528 2644 587 2698 P;
619 2645 673 2688 ut
695 2657 781 2688 nos
814 2642 1013 2700 BFVp‚
1047 2642 1331 2700 Campanum
1365 2656 1423 2687 cx
1447 2642 1633 2688 Herone
1658 2643 1778 2687 nihil

81 2702 296 2748 concludi
334 2706 513 2773 potest²
561 2717 667 2748 cum
715 2702 858 2748 ctiam
906 2703 997 2748 def.
1046 2708 1162 2748 8—9
1211 2705 1322 2747 ante
1370 2701 1461 2747 def.
1512 2707 1535 2747 7
1586 2702 1776 2749 habeat.

140 2767 211 2807 17.
244 2760 412 2833 ἔχοντα
457 2738 598 2819 λογον
637 2761 843 2834 μεγέθη]
882 2759 1024 2833 λόγον
1065 2760 1234 2834 ἔχρντα
1274 2760 1458 2819 μεγέθη
1497 2762 1556 2816 F3
1607 2759 1776 2819 ἔχοντα

81 2820 263 2887 μεγέθη
288 2819 429 2878 λόγον
452 2821 510 2868 V.
631 2817 891 2881 ἀνάλογον]
926 2819 1067 2879 λόγον
1099 2816 1336 2879 ἀνάλογον
1367 2823 1477 2880 post
1507 2835 1596 2866 133.
1634 2826 1659 2866 7
1684 2821 1777 2864 litt.

79 2879 129 2923 in
158 2895 253 2938 mg.
286 2880 456 2926 transit
486 2896 549 2925 m.
582 2886 609 2926 2
643 2879 691 2925 F.

1450 2952 1509 2997 1*
