1988 3152
543 77 1004 124 ELEMENTORUM
1034 80 1216 122 LIBER
1245 81 1299 124 V.
1689 76 1762 129 25

187 217 316 252 nam
355 199 547 252 iisdem
587 200 915 268 comparatis
962 199 1215 261 similiter
1254 197 1765 267 demonstrabimUS,

75 306 192 342 esse
218 292 273 340 A
297 313 368 330 =
393 291 455 341 E.
520 291 574 340 et
600 288 720 340 alia
745 288 976 357 quaeuis
1017 286 1337 357 magnitudo
1372 289 1455 339 est
1486 289 1546 338 Z.
1578 286 1761 355 itaque
1839 291 1841 293 ’

77 378 121 430 si
163 380 208 428 Z
257 376 689 447 magnitudinem
730 380 785 428 A
834 379 1074 446 superat,
1123 377 1287 428 etiam
1335 375 1764 445 magnitudinem

77 469 130 527 E
177 468 416 534 superat,
464 469 519 517 et
566 464 612 516 si
659 465 921 534 aequalis,
968 465 1212 533 aequalis
1261 467 1367 533 est,
1405 467 1459 516 et
1506 464 1552 517 si
1589 463 1767 516 minor

75 554 267 607 minor.
344 557 399 606 et
438 557 482 605 Z
528 553 917 623 magnitudinis
958 555 1011 605 Γ
1043 553 1325 621 multiplex
1372 555 1476 621 est,
1524 554 1578 604 et
1618 556 1690 619 A,
1715 554 1769 604 Ε

51 641 511 713 ‘magnitudinum
551 646 628 709 A,
653 645 700 694 Β
750 642 888 694 aliae
936 641 1158 710 quaeuis
1200 659 1366 711 aeque
1422 640 1762 709 multiplices

75 748 239 799 quare
279 732 359 783 F:
384 736 437 782 A
463 755 532 773 =
558 732 641 783 Γ;
666 734 713 782 Β
741 729 868 797 [def.
892 730 967 797 5].

187 818 339 889 Ergo
388 819 636 888 aequalia
675 819 742 871 ad
790 819 934 871 idem
975 818 1199 872 eandem
1245 818 1452 871 habent
1498 817 1767 870 rationem

80 911 135 960 et
172 907 316 960 idem
357 908 424 960 ad
464 908 722 977 aequalia.

694 1039 1146 1101 Corollarium.

191 1129 335 1183 Hine
382 1130 732 1183 manifestum
780 1134 888 1199 est,
935 1131 982 1182 si
1020 1129 1422 1199 magnitudines
1460 1128 1766 1197 proportio-

78 1219 231 1271 nales
257 1219 380 1287 sint,
413 1218 627 1272 easdem
661 1236 688 1271 e
724 1219 997 1271 contrario
1030 1217 1465 1287 proportionales
1490 1213 1668 1286 esse.¹)
1698 1245 1759 1252 -

76 1307 217 1377 quod
258 1311 375 1360 erat
415 1306 908 1360 demonstrandum.

846 1439 997 1493 VIII.

196 1527 281 1581 Ex
341 1528 717 1598 inaequalibus
773 1528 1242 1598 magnitudinibus
1296 1527 1470 1582 maior
1511 1528 1578 1580 ad
1623 1527 1766 1580 idem

27 1664 29 1667 .
79 1619 338 1671 maiorem
389 1619 659 1672 rationem
713 1618 881 1671 habet
935 1635 1099 1686 quam
1152 1618 1348 1688 min0r3
1407 1620 1462 1670 et
1506 1617 1649 1669 idem
1698 1616 1766 1669 ad

83 1707 347 1759 minorem
386 1708 645 1760 maiorem
684 1707 953 1760 rationem
991 1706 1158 1759 habet
1190 1724 1352 1776 quam
1392 1705 1458 1758 ad
1491 1706 1767 1758 maiorem.

192 1793 313 1847 Sint
350 1795 659 1864 inaequales
699 1794 1104 1865 magnitudines
1136 1799 1189 1847 A
1199 1798 1262 1859 Β,
1285 1796 1349 1862 Γ,
1391 1798 1445 1847 et
1482 1794 1655 1846 maior
1695 1793 1767 1846 sit

81 1885 210 1950 AB,
251 1882 360 1936 alia
400 1887 578 1936 autem
619 1883 840 1953 quaeuis
879 1883 1197 1953 magnitudo
1240 1884 1312 1936 sit
1343 1887 1413 1937 A.
1475 1883 1609 1953 dico,
1649 1900 1766 1936 esse

78 1974 1183 2032 AB:A>F:AetA:F>A:AB.

182 2058 326 2112 Nam
365 2061 620 2129 quoniam
653 2064 761 2113 AB
786 2069 843 2120 >
867 2063 931 2128 Γ,
971 2064 1207 2130 ponatur
1239 2064 1351 2113 ΒΕ
1375 2085 1443 2103 =
1470 2062 1530 2113 Γ.
1583 2061 1766 2129 itaque

78 2149 256 2201 minor
301 2149 732 2218 magnitudinum
772 2153 900 2218 AE,
926 2153 1030 2202 ΕΒ
1072 2149 1430 2217 multiplicata
1478 2147 1765 2217 aliquando

197 2295 239 2349 1)
273 2292 392 2346 Quia
417 2295 465 2337 et
495 2297 776 2338 A2F=B
804 2312 814 2338 :
843 2296 1053 2339 retr:
1081 2299 1198 2338 A=
1226 2297 1299 2338 P:
1329 2297 1374 2339 Β.
1439 2295 1645 2339 ceterum
1675 2294 1766 2337 hoo

81 2352 378 2397 corollarium
409 2355 534 2397 recte
566 2352 642 2397 hic
674 2353 930 2398 collocatur
961 2354 1009 2398 in
1041 2355 1099 2408 1³3
1147 2368 1258 2399 nam
1298 2353 1338 2397 si
1383 2355 1494 2410 post
1528 2367 1660 2410 prop.
1700 2351 1766 2396 IV

78 2411 261 2467 fuisset,
294 2411 375 2456 ubi
407 2411 569 2456 Theon
598 2412 647 2456 id
677 2412 857 2470 posuit,
897 2413 1096 2458 alteram
1135 2415 1319 2470 partem
1359 2410 1767 2457 demonstrationis

77 2485 121 2527 p.
163 2475 242 2526 22,
284 2476 342 2514 24
382 2485 449 2527 sq.
489 2485 827 2528 superuacuam
864 2472 1071 2517 futuram
1108 2471 1275 2528 fuisse,
1324 2473 1459 2517 acute
1499 2471 1770 2517 Obseruauit

74 2528 318 2587 Augustus
343 2532 389 2572 11
419 2545 464 2587 p.
498 2536 599 2575 331.
663 2545 752 2576 om.
787 2531 1063 2589 Campanus

135 2680 202 2721 18
244 2678 427 2746 μεῖζον]
471 2674 524 2722 τὸ
565 2682 727 2736 μεῖζον
767 2679 815 2723 Ρ.
971 2685 1039 2724 19.
1073 2680 1176 2738 ΑΒ]
1211 2681 1270 2737 P,
1310 2681 1408 2725 Fm.
1446 2686 1491 2736 1,
1531 2680 1574 2724 V
1612 2695 1673 2724 m.
1717 2685 1761 2735 13

75 2740 156 2780 AB
179 2737 265 2780 τοῦ
293 2737 452 2794 ΓΒΡ,
476 2738 512 2782 F
536 2753 597 2784 m.
624 2743 665 2795 2,
690 2739 732 2783 V
755 2753 816 2783 m.
843 2743 884 2784 2.
977 2737 1110 2796 ἔτυχε
1137 2739 1231 2797 Vp.
1335 2744 1405 2785 20.
1430 2737 1482 2784 τὸ
1509 2739 1572 2798 A]
1599 2739 1763 2810 (prius)

74 2791 127 2838 τό
159 2794 208 2839 in
257 2796 410 2852 spatio
454 2802 482 2840 4
522 2796 614 2841 litt
664 2815 711 2854 φ.
836 2802 905 2843 23.
940 2798 1043 2857 AB]
1077 2802 1112 2842 Β
1151 2798 1201 2843 in
1232 2813 1320 2845 ras.
1355 2815 1398 2856 p.
1523 2799 1608 2859 τῷ]
1642 2794 1694 2843 τό
1727 2814 1762 2854 φ

78 2855 187 2910 (non
219 2853 287 2912 F).
409 2861 479 2902 24.
511 2855 586 2915 τό]
622 2856 786 2915 (prius)
818 2857 880 2916 τῷ
916 2874 951 2914 φ
986 2860 1097 2915 (non
1127 2858 1195 2915 F).
