1988 3152
557 121 1017 164 ELEMENTORUM
1046 123 1229 165 LIBER
1259 124 1335 167 vr.
1716 122 1823 176 173

123 245 238 294 EA
278 265 347 283 =
387 244 514 294 AE.
612 241 798 310 itaque
863 245 967 295 BA
1006 261 1018 294 z
1061 245 1177 294 ΑΕ
1213 267 1283 286 =
1326 245 1444 295 AE
1474 262 1486 296 :
1519 245 1640 295 ΕΒ.
1733 244 1825 296 sed

119 333 229 382 ΑΒ
253 338 311 390 >
334 333 459 382 ΛΕ.
538 347 705 399 quare
746 329 910 382 etiam
952 329 1041 399 [V‚
1085 332 1176 398 14]
1217 335 1331 384 AE
1358 340 1416 393 >
1449 335 1570 386 ΕΒ.

230 418 380 488 Ergo
430 420 581 471 recta
626 421 736 471 AB
794 418 1088 472 secundum
1141 422 1438 473 extremam
1479 438 1541 473 ac
1587 420 1824 473 mediam

26 552 30 556 Α
124 508 393 560 rationem
435 508 582 560 secta
621 509 706 559 est
746 506 804 560 in
842 510 895 559 E
934 506 1058 574 [def.
1091 507 1148 574 3]
1159 549 1174 577 ,
1224 511 1280 561 et
1317 510 1496 563 maior
1536 509 1649 563 eius
1697 526 1824 579 pars

123 598 206 648 est
244 599 375 667 AE3
417 596 561 665 quod
599 595 890 665 oportebat
927 596 1058 649 fieri.

870 756 1068 811 XXXI.

230 861 295 914 In
336 861 626 931 triangulis
665 861 999 931 rectangulis
1039 861 1220 931 figura
1253 862 1526 932 descripta
1556 863 1615 916 in
1653 864 1823 916 latere

38 959 41 961 ’
118 951 218 1003 sub
264 953 411 1004 recto
460 951 662 1019 angulo
712 948 1060 1003 subtendenti
1111 951 1354 1020 aequalis
1411 954 1494 1005 est
1539 952 1727 1022 figuris
1768 952 1825 1006 in

39 1030 45 1034 ’
118 1039 380 1092 lateribus
417 1041 627 1092 rectum
652 1038 914 1108 angulum
939 1039 1525 1108 comprehendentibus
1552 1039 1823 1094 similibus

123 1131 178 1181 et
217 1128 469 1181 similiter
509 1127 809 1198 descriptis.

230 1215 313 1270 Sit
365 1217 675 1287 triangulus
730 1216 1082 1286 rectangulus
1134 1219 1306 1270 ΑΒΓ
1348 1217 1612 1287 angulum
1659 1220 1832 1270 ΒΑΓ

40 1314 52 1374 f
116 1307 325 1359 rectum
385 1305 609 1359 habens,
710 1304 851 1374 dico,
912 1305 1148 1375 figuram
1209 1304 1268 1357 in
1331 1307 1442 1358 ΒΓ
1498 1306 1826 1376 descriptam

47 1386 68 1410 ⁵
118 1395 400 1464 aequalem
448 1412 564 1446 esse
610 1393 801 1462 figuris
849 1392 908 1445 in
946 1396 1084 1462 BA,
1116 1398 1170 1446 Α
1180 1395 1234 1446 Γ
1267 1393 1536 1447 similibus
1579 1398 1634 1448 et
1675 1395 1822 1449 simi-

31 1520 72 1561 0
118 1483 242 1536 liter
281 1482 578 1551 descriptiS.

229 1571 458 1625 ducatur
516 1569 982 1640 perpendicularis
1037 1574 1091 1622 Α
1102 1574 1172 1622 Δ.
1271 1571 1382 1623 iam
1445 1571 1704 1640 quoniam
1765 1573 1824 1625 in

842 1748 1043 1819 angulo
1098 1750 1248 1801 recto
1306 1748 1373 1800 ad
1424 1752 1479 1800 A
1523 1749 1706 1818 posito
1756 1749 1824 1802 ad

838 1838 1017 1890 basim
1041 1839 1152 1890 ΒΓ
1168 1835 1630 1906 perpendicularis
1663 1837 1825 1891 ducta

839 1928 923 1979 est
959 1929 1093 1995 AA,
1132 1925 1398 1995 trianguli
1429 1929 1539 1979 ΑΒ
1552 1930 1622 1996 A,
1647 1931 1700 1979 A
1711 1931 1767 1979 A
1778 1929 1831 1980 Γ

837 2014 907 2068 ad
974 2014 1476 2084 perpendicularem
1537 2013 1706 2084 positi
1771 2018 1825 2068 et

835 2103 940 2156 toti
993 2106 1168 2156 ΑΒΓ
1214 2105 1268 2156 et
1319 2103 1461 2156 inter
1515 2121 1571 2156 se
1618 2103 1825 2156 similes

837 2194 967 2245 sunt
1008 2194 1181 2261 [prop.
1221 2191 1394 2259 VIII].
1473 2194 1528 2244 et
1567 2191 1824 2262 quoniam

54 2260 71 2276 ‘
121 2284 294 2335 ΑΒΓ
326 2307 384 2326 ω
425 2285 624 2350 ΑΒΔ,
673 2282 776 2335 erit
824 2280 951 2347 [def.
995 2283 1048 2348 1]
1097 2284 1200 2334 ΓΒ
1234 2284 1389 2334 :BA
1421 2306 1492 2325 =
1524 2284 1825 2334 AB2BA.

32 2385 36 2446 ξ
123 2372 177 2423 et
223 2371 480 2440 quonjam
534 2374 647 2424 tres
697 2373 876 2424 rectae
924 2370 1359 2439 proportionales
1409 2373 1559 2441 sunt,
1615 2370 1718 2423 erit
1764 2372 1826 2422 ut

34 2514 38 2533 Ι
120 2458 299 2528 prima
346 2459 414 2512 ad
460 2459 704 2529 tertiam,
760 2459 841 2513 ita
887 2459 1064 2530 figura
1111 2459 1167 2511 in
1215 2459 1393 2528 prima
1439 2458 1710 2528 descripta
1757 2458 1825 2510 ad

35 2575 38 2592 ι
121 2546 352 2617 figuram
384 2548 455 2602 *in
502 2548 736 2602 secunda
794 2548 1028 2602 similem
1077 2550 1131 2600 et
1189 2547 1438 2602 similiter
1493 2548 1825 2618 descriptam

184 2726 254 2766 13.
291 2717 388 2766 ὑπὸ
428 2718 481 2766 τό
520 2737 566 2779 p,
694 2727 761 2767 14.
803 2723 980 2767 εἴδεσιν
1019 2720 1068 2765 Ρ.
1196 2725 1264 2765 15.
1306 2717 1509 2782 ὁμοίως]
1552 2718 1732 2780 ὁμοίοις
1766 2720 1821 2766 V.

127 2782 196 2826 18.
227 2780 319 2838 τῶ]
354 2776 407 2825 τό
438 2779 548 2836 Fv,
581 2782 663 2827 sed
695 2795 809 2827 corr.
843 2796 904 2825 m.
930 2787 971 2826 2.
1068 2784 1137 2825 19.
1171 2781 1340 2839 ΑΔΓ]
1375 2794 1491 2827 corr.
1517 2795 1571 2826 ex
1597 2785 1735 2825 AAB
1760 2795 1821 2824 m.

124 2851 215 2884 rec.
246 2824 296 2884 15.
358 2835 452 2895 ἄρα
483 2835 600 2895 πρός
629 2841 686 2887 V.
809 2845 880 2886 20.
916 2836 1041 2885 ἐστιν
1070 2839 1122 2883 Ρ.
1253 2844 1324 2885 25.
1357 2837 1439 2898 τό]
1474 2841 1592 2898 (alt.)
1634 2854 1723 2886 om.
1759 2840 1823 2895 Ἐς

127 2896 265 2944 inser.
298 2913 358 2943 m.
392 2902 443 2954 2,
477 2899 559 2944 sed
590 2913 723 2946 enan.

843 1658 1119 1728 triangulo
1169 1660 1492 1730 rectangulo
1541 1662 1717 1712 ΑΒΓ
1756 1661 1823 1714 ab
1912 1711 1920 1720 ,
