1988 3152
142 1018 197 1057 10

146 1460 196 1499 15

143 1902 200 1941 20

139 2351 198 2391 25

233 97 261 147 1
270 97 302 148 8
876 98 1212 140 ΣΤΟΙΧΕΙῼΝ
1244 113 1265 142 ε
1274 93 1302 139 ’.

344 216 608 284 Μέγεθος
652 214 761 285 γὰρ
816 213 878 270 τὸ
934 220 1042 269 ΑΒ
1098 215 1371 284 μεγέθους
1423 217 1526 269 τοῦ
1579 219 1689 268 ΓΔ
1739 213 1922 279 ἰσάκις

232 305 370 357 ἔστω
409 302 857 371 πολλαπλάσιον,
909 300 1043 375 ὅπερ
1084 301 1397 373 ἀφαιρεθὲν
1436 301 1498 357 τὸ
1541 308 1655 356 ΑΕ
1691 300 1920 374 ἀφαιρε-

230 391 431 455 θέντος
462 394 564 445 τοῦ
604 395 727 445 ΓΖ·
767 392 940 462 λέγω,
982 390 1067 447 ὅτι
1105 392 1198 446 καὶ
1238 389 1437 446 λοιπὸν
1476 389 1539 446 τὸ
1573 396 1677 445 ΕΒ
1718 394 1919 446 λοιποῦ

230 481 330 533 τοῦ
365 484 476 532 ΖΔ
516 478 695 544 ἰσάκις
734 482 885 534 ἔσται
915 479 1350 548 πολλαπλάσιον,
1391 477 1736 535 ὁσαπλάσιόν
1770 479 1922 534 ἐστιν

234 564 369 621 ὅλον
407 565 470 621 τὸ
512 573 620 621 ΑΒ
663 565 800 622 ὅλου
837 571 939 623 τοῦ
979 573 1031 623 Γ
1035 575 1103 622 Δ.

333 650 708 710 Ὁσαπλάσιον
762 655 872 727 γάρ
929 658 1041 711 ἐστι
1095 655 1158 711 τὸ
1215 664 1269 711 Α
1281 663 1332 724 Ε
1381 659 1483 711 τοῦ
1533 661 1660 725 ΓΖ,
1721 672 1919 710 τοσαυ-

229 742 538 797 ταπλάσιον
577 745 851 814 γεγονέτω
891 745 983 799 καὶ
1021 744 1084 800 τὸ
1127 750 1231 799 ΕΒ
1270 747 1372 799 τοῦ
1412 749 1538 799 ΓΗ.

342 831 458 886 Καὶ
513 831 628 886 ἐπεὶ
685 831 864 896 ἰσάκις
919 832 1033 886 ἐστὶ
1086 832 1505 887 πολλαπλάσιον
1559 831 1622 887 τὸ
1670 838 1785 887 ΑΕ
1818 835 1922 887 τοῦ

230 923 331 973 ΓΖ
369 916 463 973 καὶ
502 917 564 974 τὸ
606 926 714 974 ΕΒ
750 923 852 974 τοῦ
891 924 1030 988 ΗΓ,
1079 919 1259 985 ἰσάκις
1305 919 1414 991 ἄρα
1454 921 1568 976 ἐστὶ
1607 922 1921 976 πολλαπλά-

231 1024 357 1063 σιον
390 1006 453 1063 τὸ
487 1014 600 1063 ΑΕ
627 1011 729 1063 τοῦ
760 1013 862 1062 ΓΖ
900 1009 993 1062 καὶ
1031 1006 1093 1063 τὸ
1136 1014 1245 1064 ΑΒ
1284 1012 1386 1063 τοῦ
1425 1015 1482 1063 H
1493 1015 1550 1064 Z.
1636 1020 1809 1064 κεῖται
1857 1009 1919 1064 δὲ

231 1096 413 1162 ἰσάκις
450 1095 870 1151 πολλαπλάσιον
908 1095 970 1151 τὸ
1013 1102 1127 1151 ΑΕ
1162 1100 1263 1151 τοῦ
1302 1101 1403 1152 ΓΖ
1442 1097 1534 1152 καὶ
1573 1096 1635 1153 τὸ
1677 1104 1785 1152 ΑΒ
1818 1100 1920 1153 τοῦ

231 1189 355 1240 ΓΔ.
430 1186 610 1250 ἰσάκις
649 1183 759 1254 ἄρα
798 1185 912 1240 ἐστὶ
952 1185 1371 1241 πολλαπλάσιον
1410 1184 1473 1241 τὸ
1507 1194 1560 1240 A
1572 1192 1618 1240 Β
1658 1187 1923 1257 ἑκατέρου

229 1277 342 1329 τῶν
368 1279 497 1343 ΗΖ,
523 1279 655 1329 ΓΔ·
696 1280 821 1329 ἴσον
862 1273 971 1344 ἄρα
1010 1273 1073 1330 τὸ
1108 1280 1220 1329 ΗΖ
1251 1279 1327 1347 τῷ
1361 1280 1487 1330 ΓΔ.
1549 1273 1746 1330 κοινὸν
1777 1273 1920 1347 ἀφῃ-

231 1361 427 1434 ρήσθω
474 1361 538 1418 τὸ
585 1367 707 1418 ΓΖ·
778 1363 981 1418 λοιπὸν
1029 1361 1140 1433 ἄρα
1186 1361 1248 1418 τὸ
1297 1367 1416 1417 ΗΓ
1454 1367 1629 1439 λοιπῷ
1684 1366 1760 1438 τῷ
1810 1370 1922 1418 ΖΔ

232 1457 358 1506 ἴσον
414 1453 579 1506 ἐστίν.
662 1451 756 1505 καὶ
816 1452 931 1506 ἐπεὶ
988 1450 1168 1516 ἰσάκις
1214 1452 1329 1507 ἐστὶ
1383 1451 1802 1507 πολλαπλάσιον
1856 1450 1920 1507 τὸ

229 1545 344 1593 ΑΕ
378 1543 482 1594 τοῦ
520 1544 619 1594 ΓΖ
658 1539 752 1593 καὶ
791 1538 852 1594 τὸ
895 1545 1000 1604 ΕΒ
1038 1543 1140 1594 τοῦ
1181 1544 1310 1609 ΗΓ,
1352 1547 1477 1595 ἴσον
1511 1539 1572 1594 δὲ
1604 1538 1666 1595 τὸ
1700 1545 1818 1595 ΗΓ
1843 1543 1919 1616 τῷ

231 1633 365 1698 ΔΖ,
414 1626 594 1693 ἰσάκις
640 1626 751 1699 ἄρα
798 1627 912 1682 ἐστὶ
959 1627 1380 1684 πολλαπλάσιον
1424 1627 1489 1684 τὸ
1530 1635 1645 1683 ΑΕ
1678 1632 1779 1684 τοῦ
1819 1633 1921 1684 ΓΖ

228 1718 320 1771 καὶ
360 1714 423 1771 τὸ
465 1721 570 1770 ΕΒ
601 1718 703 1770 τοῦ
737 1721 862 1771 ΖΔ.
940 1716 1122 1782 ἰσάκις
1170 1717 1232 1772 δὲ
1279 1715 1567 1786 ὑπόκειται
1604 1719 1919 1773 πολλαπλά-

231 1821 356 1859 σιον
396 1805 457 1860 τὸ
502 1810 613 1858 ΑΕ
647 1807 748 1859 τοῦ
788 1808 890 1859 ΓΖ
928 1806 1021 1859 καὶ
1052 1803 1115 1861 τὸ
1148 1811 1256 1860 ΑΒ
1288 1809 1389 1860 τοῦ
1422 1810 1555 1860 ΓΔ·
1596 1804 1778 1870 ἰσάκις
1810 1804 1920 1876 ἄρα

236 1893 350 1948 ἐστὶ
397 1891 818 1948 πολλαπλάσιον
871 1892 932 1948 τὸ
982 1899 1087 1948 ΕΒ
1134 1897 1235 1949 τοῦ
1283 1900 1394 1948 ΖΛ
1439 1894 1531 1949 καὶ
1570 1892 1631 1949 τὸ
1674 1899 1781 1948 ΑΒ
1821 1897 1922 1949 τοῦ

230 1985 355 2036 ΓΔ.
429 1981 521 2035 καὶ
561 1980 759 2037 λοιπὸν
799 1980 909 2052 ἄρα
955 1980 1017 2036 τὸ
1059 1987 1163 2036 ΕΒ
1202 1985 1402 2037 λοιποῦ
1449 1986 1551 2037 τοῦ
1592 1989 1702 2037 ΖΔ
1742 1982 1922 2047 ἰσάκις

230 2073 382 2124 ἔσται
429 2068 875 2139 πολλαπλάσιον,
934 2066 1279 2126 ὁσαπλάσιόν
1327 2072 1476 2125 ἐστιν
1524 2068 1660 2126 ὅλον
1706 2069 1767 2126 τὸ
1813 2077 1918 2126 ΑΒ

231 2156 368 2213 ὅλου
406 2160 508 2212 τοῦ
547 2161 675 2213 ΓΔ.

338 2243 469 2301 Ἐὰν
502 2244 612 2317 ἄρα
644 2246 881 2316 μέγεθος
911 2248 1187 2317 μεγέθους
1219 2246 1401 2311 ἰσάκις
1422 2240 1458 2319 ᾖ
1482 2246 1919 2317 πολλαπλάσιον,

231 2333 366 2406 ὅπερ
423 2334 737 2406 ἀφαιρεθὲν
792 2331 1224 2407 ἀφαιρεθέντος,
1284 2335 1377 2389 καὶ
1439 2332 1501 2390 τὸ
1564 2333 1765 2390 λοιπὸν
1818 2339 1920 2391 τοῦ

229 2427 432 2479 λοιποῦ
481 2423 662 2489 ἰσάκις
709 2428 860 2479 ἔσται
906 2423 1353 2493 πολλαπλάσιον,
1409 2420 1756 2479 ὁσαπλάσιόν
1805 2425 1919 2479 ἐστι

229 2513 322 2567 καὶ
362 2513 424 2567 τὸ
468 2511 606 2568 ὅλον
644 2515 745 2567 τοῦ
787 2510 949 2568 ὅλου·
991 2511 1127 2585 ὅπερ
1168 2516 1280 2567 ἔδει
1321 2513 1512 2578 δεῖξαι.

349 2666 392 2706 4.
429 2661 536 2719 ΖΔ]
571 2663 658 2704 ΔΖ
690 2660 782 2718 Bp3
816 2664 924 2715 ΖΔ,
958 2674 1052 2718 seq.
1087 2675 1174 2706 ras.
1212 2659 1441 2705 1litt.et
1471 2663 1506 2703 Z
1538 2660 1586 2703 in
1616 2673 1707 2706 ras.
1732 2659 1796 2714 V3
1829 2662 1919 2703 EZ

229 2720 279 2764 in
318 2733 407 2764 ras.
448 2720 498 2765 F.
638 2716 786 2778 ἐστιν]
820 2715 916 2764 ἔστι
947 2717 1000 2763 τό
1033 2720 1083 2763 F.
1214 2726 1255 2765 6.
1288 2715 1406 2777 ἔστι]
1441 2715 1566 2764 ἐστιν
1598 2714 1731 2775 ὅλον,
1762 2719 1919 2764 deleto

223 2774 340 2823 ὅλον
371 2779 427 2822 V.
544 2784 584 2824 8.
618 2778 700 2822 καὶ
739 2773 922 2823 ἐπεί-
950 2784 975 2823 9
1008 2797 1018 2823 :
1053 2779 1168 2837 ΗΓ]
1208 2794 1298 2824 om.
1331 2794 1384 2836 p3
1423 2793 1516 2835 mg.
1549 2793 1608 2821 m.
1644 2783 1670 2821 2
1703 2779 1753 2822 Β.
1877 2783 1919 2823 9.

231 2853 339 2911 ΕΒ]
373 2856 408 2895 Β
434 2853 485 2897 in
515 2867 604 2897 ras.
636 2852 686 2896 F.
781 2853 906 2911 ΗΓ]
934 2867 1048 2899 corr.
1074 2868 1134 2897 m.
1163 2858 1186 2897 1
1213 2867 1270 2898 ex
1296 2856 1397 2897 PH
1417 2851 1479 2906 V;
1508 2854 1608 2895 ΓΗ
1636 2851 1693 2906 Β;
1729 2838 1829 2895 PH
1866 2852 1918 2896 F.
