1988 3152
237 150 307 203 88
861 151 1197 194 ΣΤοΙΧΕΙΩΝ
1229 148 1295 197 ς’.

355 272 481 326 Τῶν
522 268 630 341 ἄρα
676 271 992 340 ἰσογωνίων
1030 268 1322 341 τριγώνων
1361 265 1645 340 ἀνάλογόν
1685 273 1828 325 εἰσιν
1867 273 1932 325 αί

237 358 472 429 πλευραὶ
527 358 588 411 αἱ
638 356 764 429 περὶ
817 354 914 421 τὰς
969 362 1092 421 ἴσας
1144 361 1352 427 γωνίας
1402 358 1496 412 καὶ
1547 355 1812 429 ὁμόλογοι
1867 361 1930 413 αἱ

238 445 348 502 ὑπὸ
389 445 487 511 τὰς
527 452 649 510 ἴσας
688 449 897 515 γωνίας
934 443 1351 501 ὑποτείνουσαι·
1401 443 1535 517 ὅπερ
1583 449 1695 501 ἔδει
1736 447 1927 513 δεῖξαι.

1049 627 1074 662 ε
1098 650 1110 662 .

177 722 204 762 5
345 708 492 765 Ἐὰν
548 709 668 766 δύο
723 714 1018 782 τρίγωνα
1072 709 1185 775 τὰς
1244 710 1531 783 πλευρὰς
1593 710 1930 781 ἀνάλογον

239 803 375 870 ἔχῃ,
416 796 741 868 ἰσογώνια
781 801 961 853 ἔσται
1000 797 1075 853 τὰ
1116 803 1406 870 τρίγωνα
1453 799 1561 854 καὶ
1609 806 1753 865 ἴσας
1801 800 1931 866 ἕξει

235 885 349 951 τὰς
387 890 659 956 γωνίας,
707 883 818 957 ὑφ’
862 882 936 950 ἃς
975 888 1045 940 αἱ
1081 884 1400 957 ὁμόλογοι
1447 887 1725 959 πλευραὶ
1772 885 1930 943 ὑπο-

235 980 595 1031 τείνουσιν.

334 1061 516 1118 ’Ἑστω
573 1061 676 1117 δύο
726 1067 973 1135 τρίγωνα
1019 1061 1085 1117 τὰ
1126 1067 1310 1133 ΑΒΓ,
1335 1069 1503 1119 ΔΕΖ
1549 1063 1644 1131 τὰς
1689 1063 1931 1135 πλευρὰς

150 1171 206 1212 10
238 1150 523 1221 ἀνάλογον
562 1154 784 1222 ἔχοντα,
826 1149 900 1217 ὥς
939 1151 1041 1223 μὲν
1079 1150 1184 1222 τὴν
1223 1157 1332 1206 ΑΒ
1372 1151 1512 1224 πρὸς
1541 1151 1644 1223 τὴν
1676 1158 1796 1221 ΒΓ,
1838 1153 1931 1207 οὕ-

236 1262 342 1307 τως
379 1237 481 1311 τὴν
523 1245 641 1294 ΔΕ
675 1239 813 1311 πρὸς
850 1239 955 1311 τὴν
995 1246 1117 1311 ΕΖ,
1159 1238 1235 1306 ὡς
1274 1239 1337 1296 δὲ
1374 1239 1478 1312 τὴν
1511 1245 1622 1296 ΒΓ
1644 1239 1783 1312 πρὸς
1822 1240 1926 1311 τὴν

237 1333 355 1399 ΓΑ,
405 1327 582 1394 οὕτως
626 1327 730 1399 τὴν
777 1333 882 1382 ΕΖ
928 1328 1068 1400 πρὸς
1112 1328 1216 1400 τὴν
1268 1335 1403 1398 ΖΔ,
1454 1329 1546 1384 καὶ
1595 1333 1673 1384 ἔτι
1714 1326 1787 1395 ὡς
1824 1328 1930 1400 τὴν

237 1423 348 1472 ΒΑ
401 1415 541 1487 πρὸς
593 1416 697 1488 τὴν
751 1421 876 1488 ΑΓ,
929 1415 1106 1484 οὕτως
1159 1417 1262 1489 τὴν
1308 1424 1423 1473 ΕΔ
1468 1417 1609 1490 πρὸς
1653 1417 1757 1488 τὴν
1807 1423 1933 1473 ΔΖ.

237 1506 408 1576 λέγω,
442 1505 528 1561 ὅτι
563 1502 868 1575 ἰσογώνιόν
901 1506 1015 1560 ἐστι
1046 1505 1110 1561 τὸ
1145 1511 1317 1561 ΑΒΓ
1341 1511 1620 1577 τρίγωνον
1651 1509 1728 1582 τῷ
1763 1512 1933 1562 ΔΕΖ

154 1612 209 1652 15
241 1592 496 1668 τριγώνῳ
535 1592 627 1647 καὶ
669 1600 792 1659 ἴσας
830 1594 1016 1660 ἕξουσι
1055 1593 1152 1659 τὰς
1189 1598 1423 1665 γωνίας,
1461 1592 1561 1666 ὑφ’
1605 1592 1671 1660 ἃς
1710 1596 1772 1649 αἱ
1801 1591 1932 1666 ὁμό-

239 1690 400 1753 λογοι
447 1681 682 1754 πλευραὶ
727 1679 1152 1753 ὑποτείνουσιν,
1199 1682 1303 1754 τὴν
1351 1682 1453 1754 μὲν
1499 1680 1611 1739 ὑπὸ
1653 1687 1826 1738 ΑΒΓ
1863 1686 1930 1755 τῇ

238 1768 350 1826 ὑπὸ
392 1775 588 1840 ΔΕΖ,
635 1768 738 1840 τὴν
791 1769 854 1825 δὲ
899 1767 1011 1825 ὑπὸ
1053 1775 1219 1826 ΒΓΑ
1257 1774 1323 1843 τῇ
1362 1769 1471 1827 ὑπὸ
1514 1777 1683 1826 ΕΖΔ
1720 1771 1813 1827 καὶ
1853 1774 1934 1827 ἔτι

238 1858 344 1931 τὴν
382 1856 491 1915 ὑπὸ
530 1863 706 1913 ΒΑΓ
735 1860 801 1932 τῇ
840 1855 951 1914 ὑπὸ
994 1864 1177 1915 ΕΔΖ.
1974 1928 1979 1933 ἢ

354 1947 691 2003 Συνεστάτω
730 1945 838 2019 γὰρ
878 1946 1020 2018 πρὸς
1056 1950 1123 2021 τῇ
1159 1953 1265 2003 ΕΖ
1297 1945 1493 2022 εὐθείᾳ
1524 1948 1616 2003 καὶ
1648 1959 1764 2014 τοῖς
1794 1948 1936 2020 πρὸς

150 2053 208 2094 20
241 2033 382 2109 αὐτῇ
438 2039 686 2107 σημείοις
740 2046 856 2101 τοῖς
910 2041 984 2107 Ε,
1018 2042 1064 2091 Ζ
1108 2039 1174 2109 τῇ
1230 2036 1332 2108 μὲν
1378 2035 1488 2092 ὑπο
1540 2041 1714 2092 ΑΒΓ
1752 2040 1934 2110 γωνία

241 2131 333 2195 ἴση
373 2122 408 2195 ἡ
447 2122 558 2179 ὑπο
601 2129 795 2194 ΖΕΗ,
834 2127 900 2197 τῇ
942 2123 1004 2180 δὲ
1041 2122 1151 2180 ὑπο
1193 2130 1357 2181 ΑΓΒ
1399 2132 1490 2196 ἴση
1530 2123 1708 2197 ἡὺπὸ
1741 2130 1937 2180 ΕΖΗ·

241 2214 406 2284 λοιπὴ
441 2211 550 2285 ἄρα
581 2210 616 2283 ἡ
648 2215 788 2284 πρὸς
818 2216 895 2287 τῷ
928 2221 982 2268 Α
1012 2216 1178 2286 λοιπῇ
1211 2217 1276 2286 τῇ
1301 2215 1441 2286 πρὸς
1464 2216 1539 2290 τῷ
1564 2219 1629 2268 Η
1645 2214 1796 2268 ἐστιν
1828 2220 1936 2284 ἴση.

294 2348 297 2350 ,
354 2298 659 2371 ἴσογώνιον
707 2300 818 2373 ἄρα
866 2301 981 2356 ἐστὶ
1019 2322 1081 2358 το
1123 2306 1296 2357 ΑΒΓ
1327 2305 1605 2372 τρίγωνον
1645 2304 1721 2379 τῷ
1764 2307 1935 2357 ΕΗΖ

242 2387 558 2463 [τριγώνῳ]
620 2391 735 2443 τῶν
767 2386 877 2460 ἄρα
909 2394 1090 2460 ΑΒΓ,
1114 2395 1285 2445 ΕΗΖ
1323 2389 1615 2462 τριγώνων
1648 2387 1932 2461 ἀνάλογόν

151 2495 210 2536 25
241 2480 384 2534 εἰσιν
433 2478 494 2530 αἱ
536 2475 770 2549 πλευραὶ
818 2478 880 2531 αἰ
923 2477 1048 2550 περὶ
1095 2480 1193 2544 τὰς
1240 2485 1363 2544 ἴσας
1408 2482 1615 2549 γωνίας
1661 2479 1752 2533 καὶ
1803 2477 1936 2551 ὀμό-

361 2629 402 2669 3.
435 2619 558 2681 ὑπό]
601 2624 716 2679 περί
748 2638 792 2681 p.
915 2625 1109 2684 γωνίας]
1146 2625 1217 2670 bis
1248 2640 1295 2683 p.
1357 2624 1555 2683 πλευραὶ
1596 2621 1936 2671 ὑποτείνουσαι

239 2683 388 2741 BFp,
421 2678 759 2727 ὑποτείνουσαι
789 2684 996 2740 πλευραί
1019 2683 1074 2729 V.
1229 2688 1269 2729 7.
1302 2682 1404 2743 τάς]
1437 2699 1500 2729 m.
1531 2698 1623 2730 reo.
1655 2686 1706 2732 F.
1863 2691 1932 2732 10.
1978 2697 1985 2710 ⁸

239 2742 328 2799 τὴν
361 2741 479 2801 ΒΓ]
512 2744 606 2785 ΒΓ
631 2740 769 2799 BFp.
915 2747 983 2788 11.
1017 2740 1104 2800 τὴν
1144 2744 1259 2802 ΕΖ]
1301 2745 1390 2787 ΕΖ
1427 2743 1564 2801 BFp.
1708 2742 1794 2801 τὴν
1828 2745 1934 2804 ΓΑ]
1975 2760 1985 2768 ·

244 2803 330 2846 ΓΑ
363 2801 503 2858 BFp.
659 2804 729 2844 12.
765 2794 887 2845 οὕτω
918 2801 972 2847 Β.
996 2855 1019 2872 H
1123 2799 1210 2860 τὴν
1242 2803 1364 2874 ZA]
1389 2803 1453 2858 P,
1484 2803 1528 2847 V
1552 2819 1613 2848 m.
1648 2809 1695 2859 13
1727 2800 1814 2861 τὴν
1845 2807 1935 2848 ΔΖ

241 2859 285 2905 V
309 2875 371 2905 m.
404 2864 451 2913 23
488 2861 581 2904 AZ
611 2857 748 2916 BFp.
775 2915 787 2934 ²
860 2865 926 2905 13.
962 2877 1082 2905 ουτω
1114 2860 1208 2919 Bp.
1315 2879 1400 2919 την
1424 2861 1541 2935 Az]
1566 2863 1631 2918 V;
1655 2859 1742 2920 τὴν
1766 2866 1855 2907 ΖΔ
1876 2862 1935 2918 P;

243 2921 336 2964 AZ
367 2919 503 2976 BFp.
662 2923 731 2963 14.
766 2933 892 2963 εστιν
923 2919 974 2976 Ρ,
1016 2935 1164 2978 comp.
1204 2936 1250 2977 p.
1405 2926 1473 2966 16.
1506 2923 1810 2967 υποτείνουσι
1842 2921 1934 2978 Vp.
