1988 3152
538 41 998 86 ELEMENTORUM
1028 39 1212 83 LIBER
1241 39 1342 81 vn.
1675 34 1784 87 263

93 188 278 224 uerum
316 167 479 220 etiam
519 166 698 217 totum
735 164 842 215 ΓΔ
873 160 1185 213 metiuntur.
1263 174 1429 228 quare
1462 155 1626 209 etiam
1665 155 1789 208 reli-

93 276 256 328 quum
301 259 402 310 ΓΖ
448 237 739 308 metientur
784 267 1010 303 numero
1051 252 1104 301 E
1139 247 1432 317 minorem3
1480 244 1622 315 quod
1670 245 1788 297 fieri

92 364 201 399 non
236 346 432 415 potest.
509 342 697 410 itaque
735 339 854 392 fieri
893 356 1006 390 non
1044 339 1249 405 potest,
1298 336 1358 387 ut
1409 337 1461 386 E
1503 351 1788 387 numerum

91 436 196 487 ΓΔ
239 451 348 487 non
392 430 663 483 metiatur.
740 445 868 498 ergo
916 426 1161 492 metitur3
1210 423 1355 493 quod
1402 426 1519 477 erat
1565 423 1789 476 demon-

83 521 383 574 strandum.

807 617 1059 672 XXXVI.

203 714 361 769 Datis
408 713 582 765 tribus
627 709 889 778 numeris,
945 725 1106 777 quem
1154 705 1440 758 minimum
1489 704 1788 758 metiuntur

91 822 396 871 numerum,
435 801 694 854 inuenire.

908 870 1042 925 ,Sint
1078 872 1188 923 tres
1228 869 1439 922 numeri
1471 868 1585 922 dati
1618 872 1687 937 A,
1720 871 1786 935 Β,

118 947 282 979 ι--ι
298 938 334 977 Α
805 962 859 1013 Γ

854 1002 865 1013 .
952 962 1170 1028 oportet
1198 959 1389 1029 igitur,
1430 977 1589 1028 quem
1627 944 1788 1011 mini-

335 1026 394 1066 ’Β
805 1067 956 1102 mum
1003 1049 1303 1101 metiuntur
1348 1066 1659 1117 numerum,
1707 1047 1787 1100 in-

118 1116 450 1157 '———'F
802 1138 1000 1190 uenire.

915 1229 1161 1279 sumatur
1223 1226 1390 1295 enim,
1461 1243 1621 1295 quem
1683 1225 1788 1279 duo

801 1315 1015 1368 numeri
1066 1319 1141 1384 A,
1183 1317 1231 1367 Β
1292 1315 1576 1367 minimum
1637 1315 1790 1368 meti-

87 1410 276 1475 untur,
331 1410 387 1458 A
450 1407 631 1474 [prop.
676 1403 958 1471 XXXIV].
1050 1406 1104 1457 Γ
1157 1404 1328 1474 igitur
1387 1422 1673 1457 numerum
1735 1408 1790 1457 A

89 1499 186 1550 aut
216 1495 438 1548 metitur
469 1497 566 1547 aut
595 1512 705 1547 non
738 1494 983 1571 metitur.
1059 1494 1318 1574 metiatur
1357 1494 1524 1562 prius.
1601 1512 1790 1547 uerum

90 1586 257 1639 etiam
306 1589 382 1653 A,
414 1587 461 1636 Β
500 1601 786 1636 numerum
826 1587 881 1635 A
920 1583 1230 1636 metiuntur.
1307 1583 1492 1652 itaque
1532 1587 1607 1652 A,
1640 1586 1710 1652 Β,
1743 1584 1798 1635 Γ

91 1692 374 1727 numerum
430 1677 486 1725 A
538 1673 852 1725 metiuntur.
941 1673 1051 1725 iam
1107 1671 1248 1741 dioc,
1303 1689 1395 1725 eos
1447 1689 1569 1723 eum
1624 1671 1789 1724 etiam

91 1763 374 1816 minimum
421 1762 619 1815 metiri.
686 1780 815 1814 nam
863 1761 909 1813 si
958 1754 1159 1830 minue„
1198 1765 1274 1829 A,
1307 1763 1377 1830 B,
1409 1762 1463 1812 Γ
1503 1778 1788 1814 numerum

90 1870 322 1906 numero
371 1856 426 1904 A
472 1852 736 1905 minorem
787 1850 1091 1903 metientur.
1168 1849 1466 1902 metiantur
1503 1868 1790 1904 numerum

93 1946 158 1995 E.
236 1942 492 2011 quoniam
530 1945 605 2010 A,
637 1944 713 2005 Β,
743 1942 796 1993 Γ
835 1957 1122 1992 numerum
1162 1943 1215 1992 E
1257 1938 1577 2009 metiuntur,
1624 1940 1790 1993 etiam

91 2036 167 2098 A,
213 2033 260 2082 Β
314 2047 599 2082 numerum
647 2032 701 2081 E
749 2028 1058 2081 metientur.
1151 2045 1315 2096 quare
1379 2027 1566 2098 etiam,
1629 2046 1790 2097 quem

92 2118 379 2171 minimum
447 2117 745 2170 metiuntur
815 2121 888 2185 A,
932 2120 1002 2185 Β,
1063 2134 1344 2169 numerum
1416 2119 1469 2168 E
1534 2118 1790 2170 metietur

91 2209 272 2276 [prop.
312 2205 571 2273 XXXV].
658 2224 818 2275 quem
865 2207 1047 2258 autem
1094 2209 1169 2274 A,
1201 2208 1249 2258 Β
1304 2205 1591 2258 minimum
1637 2207 1790 2260 meti-

91 2299 275 2364 untur,
315 2297 398 2347 est
437 2299 505 2348 A.
583 2299 639 2347 A
678 2295 846 2364 igitur
892 2312 1179 2366 numerum
1227 2297 1280 2347 E
1322 2295 1567 2365 metitur,
1615 2296 1790 2350 maior

91 2385 377 2455 minorem3
439 2383 580 2452 quod
633 2383 750 2436 fieri
804 2402 917 2437 non
977 2386 1174 2453 potest.
1267 2383 1450 2453 itaque
1505 2389 1582 2454 A,
1625 2389 1694 2455 B,
1743 2387 1797 2439 Γ

90 2473 304 2525 nullum
329 2490 613 2525 numerum
644 2490 869 2525 numero
903 2476 958 2524 A
989 2473 1255 2525 minorem
1286 2474 1595 2527 metientur.
1657 2492 1787 2545 ergo

93 2564 170 2627 A,
202 2563 270 2628 B,
301 2561 355 2613 Γ
384 2578 669 2613 numerum
710 2565 766 2613 A
805 2559 1089 2613 minimum
1129 2560 1444 2615 metiuntur.

204 2666 389 2701 rursus
435 2666 505 2702 ne
551 2650 809 2702 metiatur
854 2651 907 2702 Γ
952 2667 1236 2702 numerum
1292 2655 1370 2720 A,
1427 2653 1480 2703 et
1528 2654 1787 2719 sumatur,

119 1204 727 1246 k———lA

118 1292 591 1336 1———1E

92 2769 226 2867 2422&
245 2764 346 2882 ,1]“’]δ
358 2778 448 2836 9111.
472 2764 523 2810 P.
646 2771 716 2812 23.
751 2761 1076 2824 μετρήσουσιν,
1091 2766 1142 2822 Ρ,
1175 2780 1324 2824 comp.
1348 2781 1403 2823 p;
1436 2769 1658 2825 μετροῦσι
1684 2769 1786 2825 Vq).

156 2859 164 2868 .
230 2840 255 2879 η
351 2839 372 2868 ε
405 2838 449 2881 p.
