1988 3152
206 116 276 169 68
594 129 598 133 -
854 114 1192 158 ΣΤΟΙΧΕΙῼΝ
1223 111 1283 159 ε’.

317 238 558 307 Πρῶτον
605 231 712 304 γὰρ
751 230 813 288 τὸ
855 238 963 286 ΑΒ
1005 231 1142 304 πρὸς
1181 232 1443 305 δεύτερον
1481 230 1543 288 τὸ
1587 237 1640 287 Γ
1670 231 1767 288 τὸν
1808 230 1906 288 αὐ-

205 322 305 380 τὸν
347 324 510 395 ἐχέτω
552 320 723 392 λόγον
762 321 854 375 καὶ
893 325 1084 393 τρίτον
1124 318 1186 376 τὸ
1214 327 1331 375 ΔΕ
1365 320 1504 392 πρὸς
1540 322 1803 392 τέταρτον
1842 320 1903 376 τὸ
1986 329 1988 393 2

206 418 269 482 Ζ,
310 411 472 482 ἐχέτω
516 410 577 466 δὲ
618 410 710 465 καὶ
749 409 996 480 πέμπτον
1034 408 1096 465 τὸ
1138 415 1255 464 ΒΗ
1292 408 1431 482 πρὸς
1471 408 1734 480 δεύτερον
1773 409 1835 466 τὸ
1862 415 1915 466 Γ

206 498 305 555 τὸν
353 496 529 554 αὐτὸν
577 497 749 569 λόγον
790 497 883 552 καὶ
926 498 1087 552 ἕκτον
1124 499 1186 553 τὸ
1227 503 1333 553 ΕΘ
1371 496 1510 569 πρὸς
1547 492 1808 569 τέταρτον
1846 500 1909 554 τὸ

147 599 174 638 5
208 595 274 643 Z·
337 587 506 658 λέγω,
556 584 642 642 ὅτι
688 586 781 641 καὶ
828 585 1103 641 συντεθὲν
1151 588 1374 657 πρῶτον
1420 585 1514 640 καὶ
1561 586 1807 656 πέμπτον
1845 585 1907 642 τὸ

206 681 327 731 ΑΗ
372 673 510 748 πρὸς
558 672 822 745 δεύτερον
868 672 930 729 τὸ
973 678 1027 728 Γ
1065 672 1163 730 τὸν
1204 671 1382 729 αὐτὸν
1423 674 1532 740 ἕξει
1571 673 1768 745 λόγον,
1816 675 1908 729 καὶ

206 768 397 836 τρίτον
437 763 530 819 καὶ
572 764 731 819 ἕκτον
769 761 831 818 τὸ
875 768 986 817 ΛΘ
1024 761 1163 833 πρὸς
1199 763 1461 835 τέταρτον
1501 760 1562 818 τὸ
1604 768 1663 817 Ζ.

315 852 464 908 Ἐπεὶ
514 851 622 925 γάρ
673 854 822 908 ἐστιν
873 874 948 916 ως
992 849 1054 907 τὸ
1098 857 1221 906 ΒΗ
1251 851 1388 924 πρὸς
1426 850 1487 907 τὸ
1529 855 1593 922 Γ,
1634 849 1810 918 οὕτως
1847 850 1910 907 τὸ

210 947 314 997 ΕΘ
352 939 491 1013 πρὸς
529 937 591 994 τὸ
636 945 698 1009 Ζ,
738 936 1022 994 ἀνάπαλιν
1062 938 1172 1011 ἄρα
1212 937 1286 1005 ὥς
1323 960 1385 995 το
1427 944 1478 995 Γ
1511 938 1648 1011 πρὸς
1686 940 1748 995 τὸ
1779 945 1910 1011 ΒΗ,

47 1095 50 1097 μ
124 1041 179 1080 10
211 1027 388 1094 οὕτως
426 1027 488 1084 τὸ
532 1033 577 1082 Ζ
615 1025 755 1098 πρὸς
791 1025 854 1082 τὸ
892 1033 1023 1105 ΕΘ.>
1096 1027 1211 1083 ἐπεὶ
1253 1020 1358 1082 οὖν
1399 1029 1549 1083 ἐστιν
1590 1026 1665 1094 ὡς
1701 1027 1763 1084 τὸ
1804 1034 1911 1084 ΑΒ

209 1116 348 1190 πρὸς
393 1115 456 1172 τὸ
506 1121 568 1186 Γ,
626 1114 802 1182 οὕτως
847 1115 911 1172 τὸ
960 1122 1076 1171 ΔΕ
1122 1114 1258 1189 πρὸς
1303 1114 1364 1172 τὸ
1406 1122 1477 1187 Ζ,
1534 1113 1608 1181 ὡς
1655 1116 1717 1171 δὲ
1763 1114 1826 1172 τὸ
1868 1120 1921 1170 Γ
1981 1158 1988 1202 ÷

189 1203 351 1278 ’πρὸς
388 1203 450 1260 τὸ
490 1209 632 1276 ΒΗ,
675 1204 852 1271 οὕτως
890 1203 952 1261 τὸ
995 1212 1039 1260 Ζ
1078 1205 1217 1277 πρὸς
1255 1204 1316 1261 τὸ
1359 1211 1482 1275 ΕΘ,
1523 1201 1598 1259 δι’
1637 1211 1763 1260 ἴσου
1803 1202 1913 1276 ἄρα
1983 1212 1988 1269 ξ

212 1294 364 1350 ἐστὶν
405 1291 480 1359 ὡς
517 1292 580 1350 τὸ
614 1300 722 1350 ΑΒ
761 1313 901 1367 προς
937 1293 999 1350 τὸ
1036 1299 1167 1364 ΒΗ,
1208 1292 1385 1360 οὕτως
1423 1292 1484 1349 τὸ
1520 1299 1638 1348 ΔΕ
1671 1290 1810 1365 πρὸς
1848 1314 1910 1349 το

213 1389 331 1439 ΕΘ.
395 1384 489 1438 καὶ
530 1383 647 1439 ἐπεὶ
687 1386 999 1457 διῃρημένα
1038 1384 1247 1454 μεγέθη
1288 1381 1574 1453 ἀνάλογόν
1613 1383 1782 1451 ἐστιν,
1821 1382 1914 1437 καὶ
1972 1371 1988 1393 ‘

127 1483 181 1524 15
214 1471 558 1527 συντεθέντα
614 1469 896 1543 ἀνάλογον
953 1475 1126 1528 ἔσται·
1197 1475 1347 1528 ἔστιν
1401 1469 1511 1541 ἄρα
1566 1467 1641 1535 ὡς
1685 1469 1748 1525 τὸ
1797 1475 1923 1525 ΑΗ

211 1570 350 1632 πρὸς
395 1559 458 1616 τὸ
502 1566 642 1631 ΗΒ,
691 1558 868 1626 οὕτως
913 1582 977 1616 το
1021 1567 1132 1617 ΔΘ
1178 1559 1314 1634 πρὸς
1359 1559 1421 1616 τὸ
1472 1564 1590 1614 ΘΕ.
1682 1561 1796 1612 ἔστι
1853 1557 1915 1613 δὲ

1979 1286 1988 1296 ⁴

211 1648 303 1703 καὶ
344 1646 419 1714 ὡς
456 1647 519 1705 τὸ
561 1655 681 1705 ΒΗ
714 1647 851 1722 πρὸς
889 1649 952 1705 τὸ
991 1655 1055 1721 Γ,
1105 1647 1283 1716 οὕτως
1320 1647 1383 1705 τὸ
1425 1654 1529 1704 ΕΘ
1567 1643 1704 1718 πρὸς
1743 1646 1804 1701 τὸ
1849 1652 1915 1700 Ζ·
1970 1639 1988 1740 3³

159 1734 288 1792 δι’
334 1743 463 1794 ἴσου
510 1737 620 1811 ἄρα
668 1739 819 1794 ἐστὶν
859 1761 934 1804 ως
972 1740 1035 1795 τὸ
1076 1745 1198 1795 ΑΗ
1234 1738 1370 1810 πρὸς
1408 1736 1470 1794 τὸ
1510 1742 1582 1806 Γ,
1638 1756 1813 1800 ουτως
1851 1732 1913 1790 τὸ

217 1831 331 1881 ΛΘ
369 1825 508 1895 πρὸς
545 1826 607 1882 τὸ
643 1833 702 1882 Ζ.

133 1928 190 1968 20
327 1911 462 1970 Ἐὰν
510 1913 619 1987 ἄρα
666 1919 888 1987 πρῶτον
936 1915 1076 1989 πρὸς
1132 1914 1396 1988 δεύτερον
1443 1913 1545 1969 τὸν
1596 1911 1772 1968 αὐτὸν
1820 1916 1913 1985 ἔχῃ

1971 1549 1988 2008 ἐ

214 2000 390 2072 λόγον
428 2002 522 2057 καὶ
561 2006 751 2075 τρίτον
792 2002 931 2075 πρὸς
975 2004 1255 2076 τέταρτον,
1295 2006 1390 2075 ἔχῃ
1432 2000 1494 2057 δὲ
1532 2000 1625 2056 καὶ
1665 2001 1913 2072 πέμπτον
1973 2008 1988 2051 Ξ

214 2087 355 2162 πρὸς
394 2088 662 2161 δεύτερον
694 2089 793 2145 τὸν
827 2089 1003 2147 αὐτὸν
1035 2091 1209 2162 λόγον
1242 2090 1334 2146 καὶ
1367 2090 1527 2145 ἕκτον
1558 2087 1698 2161 πρὸς
1727 2089 1913 2161 τέταρ-
1975 2107 1988 2115 “

214 2199 341 2248 τον,
383 2178 476 2233 καὶ
509 2177 784 2233 συντεθὲν
817 2187 1039 2250 πρῶτον
1071 2180 1163 2234 καὶ
1197 2178 1444 2250 πέμπτον
1475 2177 1615 2251 πρὸς
1648 2176 1912 2250 δεύτερον

216 2265 317 2321 τὸν
380 2263 555 2321 αὐτὸν
620 2267 728 2332 ἕξει
783 2265 957 2337 λόγον
1013 2267 1104 2322 καὶ
1159 2270 1348 2337 τρίτον
1402 2265 1494 2320 καὶ
1559 2266 1719 2321 ἕκτον
1775 2263 1914 2337 πρὸς
1967 2267 1988 2341 53

139 2369 196 2412 25
225 2355 509 2427 τέταρτον·
553 2352 688 2426 ὅπερ
715 2357 842 2439 ,ἔδει
884 2357 1073 2422 δεῖξαι.

1018 2554 1117 2588 κε.

328 2649 474 2705 Ἐὰν
537 2651 822 2723 τέσσαρα
876 2652 1124 2722 μεγέθη
1178 2647 1514 2720 ἀνάλογον
1569 2641 1632 2721 ᾖ,
1688 2647 1749 2704 τί
1812 2648 1916 2719 μέ-

222 2755 452 2811 γιστον
497 2736 761 2809 [αὐτῶν]
803 2739 908 2794 καὶ
949 2739 1019 2795 τὸ
1055 2738 1407 2812 ἐλάχιστον
1453 2737 1573 2794 δύο
1613 2740 1741 2793 τῶν
1780 2743 1915 2792 λοι-

223 2832 367 2885 πῶν
409 2827 678 2900 μείζονά
721 2829 913 2899 ἐστιν.
