1988 3152
148 572 176 612 ὅ

122 1014 176 1055 10

209 89 320 143 406
855 91 1195 133 ΣΤΟΙΧΕΙῼΝ
1224 87 1300 134 θ’.

209 209 319 263 καὶ
373 212 487 264 τοῦ
546 209 825 279 ἐσχάτου
879 215 1015 264 ἴσοι
1068 211 1151 284 τῷ
1199 210 1458 284 πρώτῳ,
1515 214 1694 264 ἔσται
1743 208 1823 275 ὡς
1877 208 1910 281 ἡ
1968 204 1988 243 ”f

115 289 130 299 ’
206 300 326 352 τοῦ
382 297 699 367 δευτέρου
745 295 1035 369 ὑπεροχὴ
1084 295 1243 368 πρὸς
1297 295 1412 352 τὸν
1459 302 1747 369 πρῶτον,
1804 298 1911 355 οὕ-

209 407 333 450 τως
391 383 425 455 ἡ
488 388 604 440 τοῦ
669 387 946 457 ἐσχάτου
1008 384 1300 457 ὑπεροχὴ
1363 389 1522 458 πρὸς
1583 387 1737 453 τοὺς
1790 387 1912 459 πρὸ

210 475 454 529 ἑαυτοῦ
492 474 759 539 πάντας.

307 561 598 618 ’Ἑστωσαν
646 561 1134 634 ὁποσοιδηποτοῦν
1182 563 1419 634 ἀριθμοὶ
1467 565 1589 635 ἑξῆς
1626 563 1913 636 ἀνάλογον

210 654 269 706 οὗ
302 659 382 722 A,
415 657 548 722 ΒΓ,
590 659 668 722 A,
711 658 814 707 ΕΖ
871 650 1173 724 ἀρχόμενοι
1221 650 1329 707 ἀπὸ
1372 654 1663 723 ἐλαχίστου
1701 657 1802 709 τοῦ
1842 663 1913 726 Α,

207 741 302 795 καὶ
348 738 668 814 ἀφῃρήσθω
719 739 826 795 άπὸ
875 744 977 795 τοῦ
1020 745 1132 795 ΒΓ
1169 740 1260 795 καὶ
1301 744 1402 796 τοῦ
1442 747 1546 795 ΕΖ
1586 745 1660 816 τῷ
1702 750 1754 797 Α
1795 749 1915 809 ἴσος

208 829 466 900 ἑκάτερος
519 832 632 885 τῶν
682 835 821 900 ΒΗ,
865 835 989 884 ΖΘ·
1043 830 1213 899 λέγω,
1270 829 1355 883 ὅτι
1404 829 1554 884 ἐστὶν
1603 828 1676 894 ὡς
1724 828 1753 886 6
1802 837 1921 887 ΗΓ

208 917 346 992 πρὸς
383 917 483 974 τὸν
524 926 602 988 Α,
643 916 819 983 οὕτως
860 916 889 973 6
931 924 1037 973 ΕΘ
1074 919 1214 988 πρὸς
1252 915 1382 983 τοὺς
1421 926 1499 987 A,
1533 923 1660 989 ΒΓ,
1696 927 1765 975 Δ.

327 1013 553 1063 Κείσθω
607 1005 716 1077 γὰρ
764 1010 841 1082 τῷ
896 1007 998 1078 μὲν
1045 1012 1155 1062 ΒΓ
1195 1013 1316 1072 ἴσος
1362 1004 1392 1061 6
1442 1013 1576 1077 ZK,
1624 1011 1701 1083 τῷ
1750 1009 1811 1064 δὲ
1859 1017 1915 1064 A

207 1101 333 1162 ἔσος
379 1119 408 1152 ο
451 1102 572 1152 ΖΛ.
647 1095 740 1150 καὶ
789 1095 904 1150 ἐπεὶ
953 1094 982 1151 6
1032 1101 1144 1150 ΖΚ
1187 1099 1262 1171 τῷ
1304 1100 1414 1151 ΒΓ
1454 1103 1574 1162 ἴσος
1614 1098 1790 1168 ἐστίν,
1833 1091 1913 1153 ὦν

207 1185 236 1241 6
289 1191 390 1240 ΖΘ
435 1188 511 1260 τῷ
559 1189 682 1240 ΒΗ
721 1193 842 1250 ἴσος
889 1185 1065 1255 ἐστίν,
1113 1183 1307 1249 λοιπὸς
1354 1183 1462 1255 ἄρα
1511 1182 1541 1239 6
1581 1190 1695 1239 ΘΚ
1737 1193 1912 1260 λοιπῷ

204 1277 281 1350 τῷ
329 1279 448 1329 ΗΓ
495 1275 645 1328 ἐστιν
695 1280 829 1338 ἴσος.
905 1273 997 1328 καὶ
1045 1274 1167 1328 ἐπεί
1211 1275 1362 1329 ἐστιν
1411 1271 1484 1338 ὡς
1539 1272 1568 1329 6
1616 1279 1720 1329 ΕΖ
1775 1275 1914 1348 πρὶς

204 1361 307 1419 τὸν
362 1369 443 1432 A,
499 1362 677 1428 οὕτως
731 1359 761 1417 6
811 1370 866 1416 A
916 1361 1055 1435 πρὸς
1101 1360 1201 1417 τὸν
1250 1368 1362 1418 ΒΓ
1411 1364 1504 1418 καὶ
1553 1360 1581 1417 6
1625 1369 1735 1418 ΒΓ
1774 1364 1914 1437 πρὸς

131 1458 186 1499 15
218 1449 319 1508 τὸν
359 1459 437 1522 A,
478 1458 598 1515 ἴσος
638 1450 699 1506 δὲ
740 1449 769 1506 6
809 1451 911 1522 μὲν
950 1458 1006 1506 A
1044 1455 1120 1527 τῷ
1165 1457 1295 1520 ΖΛ,
1338 1448 1367 1506 6
1410 1451 1473 1507 δὲ
1510 1455 1621 1506 ΒΓ
1661 1456 1736 1527 τῷ
1786 1459 1913 1524 ΖΚ,

116 1903 176 1943 20

208 1538 238 1596 6
281 1540 343 1596 δὲ
382 1548 435 1595 Α
473 1543 552 1615 τῷ
599 1546 725 1608 ΖΘ,
775 1545 924 1595 ἔστιν
973 1538 1081 1612 ἄρα
1130 1537 1204 1604 ὦς
1243 1538 1273 1594 6
1316 1546 1418 1594 EZ
1465 1538 1603 1612 πρὸς
1649 1539 1749 1596 τὸν
1791 1547 1913 1613 ΖΛ,

208 1627 387 1694 οὕτως
426 1628 456 1684 6
498 1634 605 1684 AZ
644 1627 782 1701 πρὸς
821 1627 921 1684 τὸν
964 1634 1076 1683 ΖΚ
1112 1628 1204 1683 καὶ
1246 1626 1275 1684 6
1320 1634 1432 1683 ZK
1467 1627 1606 1699 πρὸς
1643 1628 1743 1685 τὸν
1794 1636 1911 1686 ΖΘ.

208 1719 478 1787 διελόντι,
520 1715 594 1783 ὡς
633 1717 662 1773 6
704 1725 813 1773 EA
851 1716 990 1789 πρὸς
1029 1715 1129 1772 τὸν
1170 1723 1302 1788 ΛΖ,
1344 1716 1522 1783 οὕτως
1563 1717 1592 1773 6
1628 1723 1747 1773 ΛΚ
1773 1719 1912 1790 πρὸς

205 1805 306 1862 τὸν
348 1812 459 1862 ΖΚ
494 1807 587 1861 καὶ
628 1805 656 1862 6
700 1813 810 1862 ΚΘ
847 1805 986 1876 πρὸς
1024 1804 1124 1861 τὸν
1167 1811 1283 1862 ΖΘ.
1356 1810 1507 1861 ἔστιν
1548 1805 1657 1879 ἄρα
1703 1808 1796 1862 καὶ
1833 1807 1913 1877 ,ὥς

208 1890 288 1961 εἷς
333 1899 446 1951 τῶν
500 1893 831 1967 ἡγουμένων
878 1893 1016 1968 πρὸς
1065 1897 1164 1951 ἕνα
1210 1898 1325 1951 τῶν
1372 1895 1686 1966 ἑπομένων,
1735 1895 1913 1963 οὕτως

207 1983 447 2050 ἅπαντες
487 1987 545 2039 οἰ
587 1983 894 2056 ἡγούμενοι
933 1983 1071 2055 πρὸς
1118 1982 1366 2048 ἅπαντας
1405 1982 1536 2049 τοὺς
1584 1984 1910 2057 ἑπομένους·

208 2078 359 2130 ἔστιν
414 2072 523 2144 ἄρα
571 2071 645 2139 ὡς
694 2071 722 2128 6
777 2078 886 2128 ΚΘ
931 2072 1072 2145 πρὸς
1116 2071 1217 2128 τὸν
1265 2079 1390 2142 ΖΘ,
1447 2073 1625 2139 οὕτως
1680 2077 1739 2129 οῖ
1781 2081 1909 2147 ΕΛ,

209 2158 351 2234 Alc,
392 2169 503 2218 ΚΘ
550 2161 690 2235 πρὸς
740 2160 874 2227 τοὺς
920 2167 1053 2233 ΛΖ,
1088 2167 1222 2232 ΖΚ,
1255 2166 1371 2216 ΘΖ.
1452 2168 1571 2227 ἴσος
1619 2162 1680 2218 δὲ
1729 2160 1758 2219 6
1808 2164 1911 2235 μὲν

208 2257 321 2308 ΚΘ
365 2254 440 2325 τῷ
489 2256 627 2321 ΓΗ,
676 2248 707 2306 ὁ
755 2251 816 2306 δὲ
865 2257 967 2307 ΖΘ
1012 2254 1087 2327 τῷ
1136 2259 1213 2320 A,
1264 2252 1322 2305 oc
1358 2250 1419 2306 δὲ
1459 2255 1591 2321 ΛΖ,
1635 2257 1767 2324 ZK,
1809 2259 1909 2309 ΘΖ

330 2405 368 2444 1.
403 2400 518 2459 τοῦ]
551 2414 640 2445 om.
674 2398 729 2444 V.
853 2405 894 2445 2.
928 2397 1038 2458 τόν]
1075 2395 1126 2444 τό
1154 2417 1189 2456 φ
1217 2402 1329 2456 (non
1351 2399 1420 2456 F).
1543 2403 1583 2444 4.
1617 2393 1835 2451 ἅπαντας
1858 2400 1910 2457 F,

206 2454 423 2510 ὅπαντας
456 2477 505 2515 φ.
643 2463 686 2503 5.
719 2454 1065 2515 ὁσοιδηποτοῦν
1098 2459 1152 2516 V,
1183 2459 1231 2503 in
1263 2459 1299 2502 F
1332 2459 1434 2514 -δη-
1468 2471 1497 2501 a
1528 2475 1563 2514 φ
1595 2457 1647 2503 in
1678 2459 1773 2503 -38‘
1806 2474 1910 2503 mu-

207 2519 293 2563 tat.
447 2525 486 2563 6.
520 2515 615 2563 ἀπὸ
657 2518 740 2562 τοῦ
783 2535 841 2573 φ,
880 2519 991 2575 post
1032 2514 1128 2563 ἀπό
1168 2531 1257 2562 ras.
1300 2523 1326 2562 3
1366 2517 1458 2562 litt.
1492 2517 1545 2563 Β.
1696 2517 1761 2575 A]
1797 2523 1839 2562 A
1872 2535 1907 2575 φ

210 2579 324 2634 (non
353 2579 422 2634 F).
546 2583 584 2623 7.
618 2577 732 2634 τοῦ]
774 2579 892 2633 (alb.)
933 2579 1099 2635 postea
1129 2578 1274 2622 insert
1305 2577 1354 2620 F.
1477 2581 1517 2622 8.
1554 2578 1672 2635 BH]
1713 2576 1769 2632 P;
1813 2580 1914 2622 ΓΗ

207 2637 267 2691 F,
298 2639 401 2681 ΗΓ
428 2637 567 2692 BVq.
691 2634 845 2695 ἐστίν]
880 2651 968 2682 om.
1001 2638 1051 2684 F.
1171 2637 1293 2696 ΗΓ]
1325 2636 1384 2692 P,
1416 2639 1509 2680 BH
1540 2636 1729 2693 BFVq.
1839 2642 1906 2682 10.

207 2696 303 2755 τῷ]
338 2697 430 2741 τῶν
463 2697 552 2752 Bq.
646 2696 760 2754 μέν]
797 2709 885 2741 om.
920 2696 1030 2751 BV;
1062 2696 1111 2740 in
1142 2696 1180 2740 B
1212 2711 1274 2740 m.
1306 2701 1333 2740 2
1366 2709 1422 2740 ex
1452 2697 1545 2739 τῶν
1576 2696 1691 2741 fecit]
1714 2697 1777 2740 τῶ
1805 2697 1906 2754 μέν.

209 2756 325 2814 ZK]
360 2758 455 2799 ΖΗ
485 2773 520 2810 φ
555 2756 665 2811 (non
696 2756 765 2811 F).
863 2762 929 2800 12.
964 2757 1083 2814 BH]
1116 2755 1166 2810 Ρ,
1194 2759 1297 2800 ΓΗ
1322 2755 1374 2809 F,
1409 2757 1509 2799 ΗΓ
1534 2755 1677 2812 BVq.
1742 2741 1842 2801 ἔστι
1863 2771 1906 2813 q.

212 2819 281 2859 13.
326 2815 449 2873 ΗΓ]
490 2814 550 2870 P,
590 2818 682 2859 ΗΒ
720 2815 908 2871 BFVq.
1040 2812 1171 2875 ἐπεί]
1214 2830 1303 2860 om.
1343 2814 1394 2858 F.
1527 2820 1595 2859 14.
1636 2812 1747 2874 τόν]
1790 2815 1907 2871 (alt.)

208 2871 262 2919 τό
296 2891 331 2932 φ
366 2877 478 2932 (non
515 2875 583 2930 F).
740 2879 808 2919 16.
842 2875 955 2933 ΕΖ]
1001 2876 1085 2919 ΘΖ
1110 2892 1145 2932 φ
1188 2875 1299 2932 (non
1330 2874 1400 2930 F).
1554 2875 1664 2933 ZA]
1698 2877 1784 2918 AZ
1813 2874 1905 2931 Bq.
