1988 3152
538 109 998 152 ELEMENTORUM
1027 109 1210 151 LIBER
1238 110 1339 152 VII.
1677 106 1783 159 241

90 251 214 285 rum
258 234 307 284 Β
358 229 596 283 metiizur.
671 246 861 281 uerum
915 228 1080 281 etiam
1125 245 1411 281 numerum
1457 229 1510 280 Γ
1549 227 1787 280 metitur.

45 315 54 320 ’
91 321 273 390 imque
310 322 364 372 E
404 334 658 370 numeros
697 320 769 384 Β,
807 318 861 369 Γ
899 316 1147 384 metitur,
1194 315 1289 385 qui
1333 316 1477 368 inter
1523 333 1579 368 se
1624 315 1787 385 primi

95 410 242 476 sunt3
297 406 440 476 quod
492 405 612 458 fieri
660 423 774 457 non
818 407 1015 474 potest.
1099 405 1283 474 itaque
1329 422 1584 457 numeros
1630 406 1692 473 Γ,
1733 407 1788 456 A

91 496 272 549 nullus
320 511 576 547 numerus
628 493 868 546 metiizur.
947 509 1074 562 ergo
1115 495 1177 562 Γ,
1218 496 1274 545 A
1322 493 1467 546 inter
1517 511 1574 545 se
1624 492 1788 561 primi

94 586 240 652 sunt3
282 582 426 652 quod
464 585 582 635 erat
620 581 1116 634 demonstrandum.

854 757 1024 811 XXV.

206 861 266 915 Si
312 861 416 914 duo
462 861 675 915 numeri
720 862 865 914 inter
912 879 968 914 se
1016 861 1179 929 primi
1230 863 1380 929 sunt,
1425 878 1682 913 numerus
1723 877 1788 913 ex

92 951 262 1004 altero
303 968 488 1003 eorum
525 950 817 1018 productus
860 949 927 1002 ad
965 949 1233 1018 reliquum
1272 948 1479 1018 primus
1521 949 1638 1002 erit.

150 1081 181 1086 -
210 1080 240 1086 -
269 1080 301 1086 -
477 1037 600 1091 Sint
632 1039 736 1091 duo
767 1037 983 1089 numeri
1012 1037 1154 1090 inter
1187 1055 1243 1089 se
1274 1037 1438 1105 primi
1461 1041 1528 1106 A,
1551 1041 1615 1106 Β,
1640 1039 1694 1089 et
1719 1036 1789 1090 sit

222 1091 229 1218 Ι
364 1124 438 1178 A2
472 1152 541 1170 =
570 1128 631 1179 Γ.
709 1125 852 1195 dico,
907 1143 1159 1178 numeros
1198 1128 1269 1193 Β,
1309 1127 1363 1177 Γ
1400 1123 1544 1176 inter
1583 1143 1639 1177 se
1677 1125 1788 1194 pri-

209 1221 245 1286 ᾖ
364 1233 482 1267 mos
522 1232 654 1268 esse.

473 1306 706 1372 ponatur
730 1302 872 1354 enim
898 1305 953 1354 A
978 1327 1047 1344 =
1074 1307 1140 1355 A.
1205 1301 1459 1369 quoniam
1484 1306 1551 1371 A,
1577 1305 1622 1354 Β
1647 1302 1789 1355 inter

163 1395 225 1446 {A
269 1397 314 1462 {w
363 1410 420 1444 se
447 1392 610 1460 primi
643 1393 782 1455 sunt,
823 1393 877 1442 et
908 1395 962 1442 A
987 1416 1056 1433 =
1084 1394 1153 1456 A,
1195 1389 1360 1442 etiam
1386 1394 1454 1458 A,
1479 1393 1527 1442 Β
1559 1390 1699 1443 inter
1731 1409 1788 1444 se

149 1450 181 1506 L
359 1480 524 1549 primi
556 1481 697 1532 sunt.
772 1479 954 1548 itaque
985 1481 1212 1548 uterque
1237 1482 1307 1547 A,
1332 1482 1386 1530 A
1411 1478 1477 1530 ad
1502 1481 1550 1530 B
1581 1481 1789 1548 primus

92 1572 191 1621 est.
262 1587 427 1638 quare
479 1568 646 1621 essiam
687 1572 742 1619 A
766 1579 838 1622 ><
863 1572 917 1619 A
971 1568 1039 1620 ad
1092 1572 1139 1620 Β
1193 1568 1400 1637 primus
1457 1568 1560 1620 erit
1616 1570 1788 1639 [prop.

92 1655 318 1723 XXIV}
379 1674 566 1708 uerum
590 1660 646 1708 A
663 1667 734 1710 ><
755 1660 809 1707 A
827 1681 895 1698 =
914 1658 974 1708 Γ.
1052 1673 1180 1726 ergo
1207 1658 1268 1724 Γ,
1292 1659 1339 1708 Β
1373 1656 1517 1709 inter
1541 1675 1596 1709 se
1626 1658 1791 1727 primi

95 1748 244 1814 sunt3
285 1748 417 1815 quot
454 1748 571 1797 erat
617 1744 1111 1797 demonstrandum.

164 1329 169 1393 ἶ

843 1919 1042 1974 XXVI.

209 2022 266 2076 Si
313 2025 418 2078 duo
465 2025 675 2077 numeri
725 2023 792 2077 ad
832 2024 965 2077 duos
1004 2042 1259 2078 numeros
1317 2024 1518 2094 singuli
1566 2026 1634 2078 ad
1682 2026 1791 2078 sin-

101 2113 258 2183 gulos
305 2113 467 2182 primi
507 2116 656 2182 sunt,
704 2112 868 2165 etiam
906 2112 1117 2165 numeri
1157 2131 1220 2165 ex
1258 2113 1326 2165 iis
1365 2113 1612 2182 producti
1649 2114 1792 2167 inizer

97 2219 153 2254 se
191 2201 354 2270 primi
394 2204 565 2254 erunt.

203 2286 347 2341 Nam
399 2287 502 2342 duo
553 2289 762 2342 numeri
812 2294 886 2358 A,
928 2293 973 2342 B
1028 2290 1092 2342 ad
1143 2289 1276 2343 duos
1322 2307 1575 2344 numeros
1619 2292 1687 2358 Γ,
1735 2293 1791 2342 A

94 2533 151 2564 ex
182 2523 268 2565 ΑΕ
305 2517 451 2566 αὐτόν
493 2523 542 2567 Β.
699 2528 767 2568 13.
802 2527 863 2580 Β,
907 2524 972 2583 Γ]
1017 2528 1075 2580 Γ,
1118 2527 1152 2567 Β
1192 2525 1242 2567 P.
1306 2522 1403 2568 εἰσί
1427 2525 1571 2582 qup.
1720 2530 1787 2569 14.

97 2578 177 2623 καὶ
212 2576 322 2623 ἐπεί
346 2579 455 2636 Vq23
489 2577 592 2625 ἐπεὶ
625 2574 711 2625 οὖν
743 2597 788 2638 p.
894 2587 960 2629 15.
996 2585 1092 2633 ἴσος
1125 2580 1178 2627 δέ
1205 2608 1259 2615 -
1288 2589 1364 2628 16:
1397 2579 1624 2640 ἀλλήλους
1649 2582 1787 2642 εἰσίν]

95 2649 186 2681 om.
218 2638 278 2691 B,
307 2652 399 2696 mg.
432 2654 492 2684 m.
525 2645 551 2683 2
584 2640 641 2685 V.
752 2646 820 2686 16.
853 2645 889 2685 Β
950 2642 1000 2686 in
1030 2657 1122 2687 ras.
1151 2641 1247 2699 Vp.
1363 2641 1500 2702 πρός]
1538 2639 1625 2687 ἄπ’
1654 2660 1711 2699 αρ
1737 2660 1789 2699 φ.

158 2701 224 2741 17.
259 2693 402 2755 ἔστιν]
425 2697 547 2766 ,ΡΒς
596 2713 744 2755 comp.
787 2715 839 2756 p3
909 2716 980 2745 στι
1017 2701 1119 2757 Vq).
1276 2706 1344 2747 18.
1386 2700 1502 2761 ἄρα]
1553 2717 1694 2760 supra
1732 2703 1788 2757 V,

94 2752 163 2799 ἔτι
209 2771 258 2811 φ.
326 2772 579 2827 ’γινομενας
618 2757 669 2801 Β.
747 2758 862 2804 Post
907 2760 996 2805 hoc
1034 2761 1229 2805 uerbum
1272 2775 1361 2805 ras.
1404 2761 1565 2806 dimid.
1608 2761 1688 2806 lin.
1733 2761 1788 2806 V.

92 2818 225 2916 Ρν22.
259 2830 318 2870 κη
372 2814 522 2872 BVp,
554 2815 591 2859 P
612 2831 672 2861 m.
706 2831 797 2862 ree.
922 2825 991 2865 23.
1025 2815 1282 2878 ἀριθμούς]
1317 2834 1406 2866 om.
1433 2836 1476 2878 p.
1600 2826 1670 2865 24.
1706 2812 1789 2863 ὦσι

187 2954 433 2998 Euclides,
459 2957 544 2990 edd.
568 2958 738 3000 Heiberg
762 2962 800 2993 et
825 2961 976 3000 Menge.
1021 2962 1073 2994 11.
1467 2958 1521 2996 16
