1988 3152
182 141 292 195 262
808 142 1147 185 ΣΤοΙΧΕΙῼΝ
1179 139 1238 195 ζ’.

183 260 316 316 ὅλον
363 259 462 316 τὸν
501 264 626 315 ΓΛ·
687 259 779 314 καὶ
819 257 1018 315 λοιπὸν
1056 257 1165 333 ἄρα
1210 257 1308 315 τὸν
1355 264 1457 315 ΓΖ
1503 259 1877 331 μετρήσουσιν

183 349 461 404 ἐλάσσονα
521 347 658 404 ὄντα
715 350 817 404 τοῦ
867 354 935 403 Ε·
1003 346 1137 420 ὅπερ
1194 348 1345 404 ἐστὶν
1396 346 1695 404 ἀδύνατον.
1773 345 1878 402 οὐκ

182 436 293 510 ἄρα
341 435 410 492 οὐ
459 448 647 509 μετρεῖ
690 434 720 493 6
762 443 815 492 Ε
848 435 948 494 τὸν
986 442 1112 493 ΓΔ·
1174 445 1362 509 μετρεῖ
1395 435 1527 508 ἄρα·
1590 434 1723 506 ὅπερ
1764 438 1877 490 ἔδει

182 526 374 592 δεῖξαι.

124 641 151 680 5
979 629 1090 688 λς’.

298 735 514 804 Τριῶν
564 729 871 804 ἀριθμῶν
921 733 1265 787 δοθέντων
1311 729 1561 802 εὑρεῖν,
1615 727 1690 785 ὃν
1738 730 1879 785 ἐλά-

180 835 408 890 χιστον
449 822 808 891 μετροῦσιν
847 817 1159 891 ἀριθμόν.

277 907 571 963 ’Ἑστωσαν
618 910 676 963 οἰ
722 907 986 971 δοθέντες
1023 917 1170 978 τρεῖς
1208 904 1445 978 ἀριθμοὶ
1486 908 1544 962 οἱ
1580 913 1658 977 A,
1698 912 1771 976 Β,
1812 910 1879 961 Γ·

184 998 273 1051 δεῖ
309 995 378 1067 δὴ
421 994 626 1068 εὑρεῖν,
666 993 734 1051 ὃν
774 995 1066 1066 ἐλάχιστον
1105 998 1406 1067 μετροῦσιν
1445 992 1709 1067 ἀριθμόν.

99 1089 154 1128 10
299 1086 580 1157 Εἰλήφθω
628 1083 736 1155 γὰρ
783 1080 894 1139 ὑπὸ
943 1083 1049 1138 δύο
1095 1086 1210 1138 τῶν
1249 1091 1327 1154 A,
1367 1089 1414 1138 Β
1462 1083 1743 1154 ἐλάχιστος
1790 1104 1880 1153 με-

182 1174 492 1246 τρούμενος
531 1171 561 1228 6
602 1180 671 1228 A.
735 1169 765 1228 6
806 1172 875 1243 δὴ
908 1176 962 1227 Γ
992 1170 1091 1227 τὸν
1126 1178 1181 1226 A
1218 1170 1345 1243 ἤτοι
1384 1182 1572 1243 μετρεῖ
1605 1167 1640 1242 ἢ
1684 1169 1752 1226 οὐ
1793 1193 1882 1242 με-

182 1273 314 1334 τρεῖ.
383 1265 644 1334 μετρείτω
692 1260 980 1332 πρότερον.
1051 1263 1316 1332 μετροῦσι
1364 1259 1426 1315 δὲ
1472 1260 1564 1315 καὶ
1614 1262 1672 1315 οἰ
1716 1267 1794 1329 A,
1834 1265 1881 1314 Β

181 1349 282 1407 τὸν
324 1357 398 1405 A·
455 1353 515 1406 οἰ
548 1357 619 1419 A,
659 1355 725 1420 Β,
764 1353 817 1404 Γ
850 1347 959 1422 ἄρα
997 1347 1096 1405 τὸν
1137 1356 1194 1404 A
1231 1352 1545 1422 μετροῦσιν.
1608 1349 1750 1420 λέγω
1792 1350 1882 1420 δή,

184 1437 270 1495 ὅτι
322 1439 415 1494 καὶ
472 1439 778 1510 ἐλάχιστον.
852 1441 904 1493 εἰ
954 1436 1063 1510 γὰρ
1120 1438 1221 1508 μή,
1277 1439 1653 1510 μετρήσουσιν
1710 1442 1879 1508 [τινα]

98 1539 151 1579 15
184 1525 434 1601 ἀριθμὸν
483 1529 541 1582 οἱ
576 1534 654 1597 A,
694 1533 768 1596 Β,
809 1531 863 1581 Γ
894 1527 1171 1582 ἐλάσσονα
1211 1524 1347 1581 ὄντα
1385 1531 1487 1583 τοῦ
1528 1534 1597 1583 Δ.
1675 1531 1883 1598 μετρεί-

183 1633 370 1672 τωσαν
408 1616 509 1671 τὸν
551 1621 612 1670 Ε.
668 1614 786 1670 ἐπεὶ
825 1616 884 1669 οἱ
912 1622 981 1683 A,
1022 1620 1089 1684 Β,
1129 1619 1182 1670 Γ
1212 1614 1314 1669 τὸν
1345 1621 1398 1670 Ε
1433 1618 1751 1688 μετροῦσιν,
1791 1616 1884 1670 καὶ

187 1707 244 1760 οἰ
281 1712 350 1776 Α,
389 1710 437 1760 Β
481 1703 591 1776 ἄρα
629 1702 729 1759 τὸν
769 1709 821 1759 Ε
856 1705 1170 1775 μετροῦσιν.
1247 1703 1340 1758 καὶ
1381 1701 1411 1759 6
1453 1704 1736 1776 ἐλάχιστος
1776 1703 1885 1777 ἄρα

184 1791 293 1850 ὑπὸ
339 1797 453 1850 τῶν
493 1800 569 1863 A,
611 1799 656 1848 B
705 1793 1078 1864 μετρούμενος
1127 1790 1248 1860 [τὸν
1289 1797 1364 1861 Ε]
1416 1794 1688 1865 μετρήσει.
1766 1795 1883 1850 ἐλά-

184 1898 369 1954 χιστος
409 1880 471 1936 δὲ
510 1879 618 1936 ὑπὸ
657 1884 771 1936 τῶν
804 1887 874 1950 A,
906 1885 954 1935 Β
986 1881 1360 1952 μετρούμενός
1392 1882 1542 1936 ἐστιν
1574 1879 1605 1936 6
1638 1889 1715 1937 A·
1763 1880 1793 1938 6
1830 1890 1885 1937 A

98 1981 156 2022 20
187 1969 297 2042 ἄρα
353 1968 452 2026 τὸν
500 1976 553 2025 Ε
596 1970 855 2042 μετρήσει
911 1965 941 2023 6
990 1972 1190 2040 μείζων
1235 1967 1335 2024 τὸν
1384 1970 1679 2026 ἐλάσσονα·
1749 1971 1883 2043 ὅπερ

186 2058 338 2115 ἐστὶν
378 2056 678 2114 ἀδύνατον.
733 2056 837 2113 οὐκ
876 2056 985 2130 ἄρα
1025 2060 1083 2112 oc
1112 2065 1180 2128 A,
1212 2063 1279 2128 Β,
1311 2062 1364 2112 Γ
1392 2059 1735 2132 μετρήσουσί
1759 2080 1885 2115 τινα

187 2146 437 2221 ἀριθμὸν
478 2147 753 2203 ἐλάσσονα
794 2145 931 2202 ὄντα
968 2148 1070 2202 τοῦ
1104 2152 1180 2201 A·
1236 2148 1294 2202 οἰ
1322 2154 1393 2218 A,
1432 2153 1500 2217 Β,
1540 2152 1594 2202 Γ
1625 2146 1733 2219 ἄρα
1765 2149 1884 2204 ἐλά-

186 2252 377 2308 χιστον
416 2235 516 2291 τὸν
557 2243 612 2290 A
649 2237 962 2307 μετροῦσιν.

301 2323 401 2396 Μή
450 2329 710 2397 μετρείτω
753 2322 822 2395 δὴ
863 2323 1031 2379 πάλιν
1071 2319 1102 2378 6
1143 2327 1196 2378 Γ
1226 2321 1325 2378 τὸν
1366 2329 1446 2394 A,
1494 2323 1586 2378 καὶ
1626 2325 1882 2395 εἰλήφθω

308 2507 348 2547 5.
380 2500 456 2558 λη’
498 2502 600 2558 BV,
643 2499 726 2546 λθ’
765 2517 810 2559 p.
962 2506 1003 2547 9.
1036 2496 1342 2557 μετρήσουσιν
1382 2499 1432 2542 Ρ.
1586 2506 1655 2547 10.
1688 2502 1801 2561 τῶν]
1835 2503 1884 2548 in

187 2575 277 2606 ras.
318 2578 369 2618 φ.
496 2567 563 2607 11.
606 2560 686 2620 δή]
728 2562 780 2606 δὲ
823 2562 874 2606 Ρ.
1000 2565 1067 2606 13.
1101 2556 1195 2617 ἄρα
1227 2564 1285 2617 Α,
1326 2562 1384 2615 Β,
1420 2561 1464 2603 Γ
1495 2559 1597 2616 Vq).
1659 2563 1883 2632 μετροῦσι

188 2620 345 2678 pr,
377 2618 686 2678 μετρήσουσιν
717 2620 767 2665 P.
920 2616 1008 2678 δή]
1043 2631 1132 2663 om.
1166 2619 1270 2674 ch.
1425 2623 1492 2663 14.
1527 2634 1810 2677 μετρησουσι
1841 2622 1883 2666 V

190 2681 238 2724 et
269 2693 384 2725 corr.
419 2693 475 2724 ex
507 2681 800 2736 μετρείσουσι
833 2697 881 2735 φ.
1027 2677 1154 2736 τινα]
1187 2691 1275 2721 om.
1309 2677 1401 2734 Pp.
1548 2683 1617 2724 15.
1650 2675 1881 2739 ἄρνθμόν]

190 2753 358 2795 om.-p.
483 2735 732 2795 ἐλάσσονα]
766 2755 872 2783 τινα
904 2733 1115 2795 ἄρνθμὸν
1148 2731 1374 2781 ἐλάττονα
1406 2752 1451 2794 p.
1561 2743 1630 2783 16.
1663 2734 1770 2784 ἐπεὶ
1794 2732 1882 2784 οὖν

189 2797 293 2854 Vq).
356 2798 577 2855 μετροῦσι
607 2797 794 2854 Pqu).
920 2801 988 2842 17.
1031 2792 1339 2853 μετρήσουσιν
1378 2796 1415 2839 Ρ
1455 2797 1502 2840 et
1533 2811 1684 2854 comp.
1714 2813 1770 2855 p3
1804 2815 1881 2856 με-

190 2857 352 2913 τροῦσι
382 2856 485 2913 Vq).
586 2862 654 2902 18.
688 2853 772 2901 τὸν
805 2857 873 2914 Ε]
907 2871 996 2902 om.
1028 2856 1077 2900 P.
1179 2860 1249 2899 20.
1283 2852 1528 2914 μετρήσει]
1572 2869 1721 2914 comp.
1753 2873 1801 2915 p,
1833 2859 1883 2903 in

189 2930 279 2960 ras.
305 2932 355 2972 φ.
449 2920 522 2961 21.
549 2916 615 2975 Γ]
641 2916 798 2961 insert.
824 2917 990 2972 postea
1016 2931 1065 2971 φ.
1122 2910 1431 2971 μετρήσουσιν
1455 2915 1506 2970 Β,
1532 2916 1753 2974 μετροῦσι
1776 2916 1882 2975 Vq).
