1988 3152
203 60 310 114 152
839 61 1175 104 ΣΤοΙΧΕΙῼΝ
1207 56 1272 104 ς’.

200 180 293 235 καὶ
341 179 456 236 ἐπεὶ
512 181 737 250 ἐδείχθη
786 176 861 244 ὡς
907 178 1008 249 μὲν
1054 177 1088 249 ἡ
1138 183 1255 233 ΔΓ
1294 175 1432 249 πρὸς
1483 176 1584 249 τὴν
1631 183 1757 249 ΓΑ,
1806 178 1895 235 οὕ-

201 290 308 334 τως
354 265 388 339 ἡ
436 273 546 323 ΗΖ
592 266 731 338 πρὸς
776 265 879 338 τὴν
935 272 1067 336 ΖΑ,
1116 264 1189 332 ὡς
1238 266 1299 323 δὲ
1354 264 1387 338 ἡ
1442 271 1559 321 ΑΓ
1603 266 1742 340 πρὸς
1795 266 1896 339 τὴν

201 353 555 433 ΓΒ,·οῧτως
593 353 627 427 ἡ
663 361 771 410 ΑΖ
809 353 947 426 πρὸς
986 353 1088 426 τὴν
1128 361 1255 427 ΖΕ,
1308 353 1383 411 δι’
1429 363 1556 411 ἴσου
1596 354 1705 427 ἄρα
1746 355 1896 410 ἐστὶν

203 442 278 510 ὡς
316 442 350 516 ἡ
391 449 508 499 ΔΓ
539 443 679 516 πρὸς
716 442 818 515 τὴν
857 448 984 514 ΓΒ,
1026 441 1203 510 οὕτως
1240 441 1275 515 ἡ
1315 449 1427 499 ΗΖ
1467 441 1605 516 πρὸς
1634 441 1736 514 τὴν
1780 449 1898 501 ΖΕ.

144 543 169 583 5
202 537 315 588 τῶν
364 532 474 602 ἄρα
516 537 762 603 ΑΒΓΔ,
802 537 924 588 ΕΗ
967 531 1561 603 παραλληλογράμμων
1613 529 1897 602 ἀνάλογόν

203 624 346 676 εἰσιν
386 623 447 676 αἱ
482 621 715 693 πλευραὶ
755 623 816 676 αἱ
845 620 967 693 περὶ
1001 618 1098 686 τὰς
1131 627 1253 686 ἴσας
1284 625 1513 691 γωνίας·
1555 617 1755 691 ὅμοιον
1788 618 1898 692 ἄρα

203 709 317 765 ἐστὶ
347 707 410 767 τὸ
439 715 662 766 ΑΒΓΔ
692 708 1275 783 παραλληλόγραμμον
1306 712 1382 781 τῷ
1415 714 1538 764 ΕΗ
1553 714 1899 781 παραλληλο-

202 800 449 875 γράμμῳ.
544 797 637 855 διὰ
700 797 766 854 τὰ
828 796 967 853 αὐτὰ
1033 797 1102 869 δὴ
1157 797 1219 853 τὸ
1270 803 1492 853 ΑΒΓΔ
1552 796 1900 868 παραλληλό-

202 909 459 960 γραμμον
498 888 591 942 καὶ
630 890 705 963 τῷ
746 891 857 942 ΚΘ
894 886 1453 964 παραλληλογράμμῳ
1491 884 1691 956 ὅμοιόν
1725 887 1897 942 ἐστιν·

117 992 172 1031 10
207 976 469 1049 ἑκάτερον
517 975 784 1049 ἄρα’τῶν
831 980 969 1045 ΕΗ,
1012 979 1124 1030 ΘΚ
1174 973 1769 1047 παραλληλογράμμων
1823 978 1898 1052 τῷ

201 1069 424 1120 ΑΒΓΔ
472 1060 1077 1138 [παραλληλογράμμῳ]
1133 1060 1331 1134 ὅμοιόν
1372 1064 1539 1118 ἐστιν.
1614 1061 1680 1118 τὰ
1723 1063 1784 1118 δὲ
1822 1067 1896 1140 τῷ

202 1152 352 1231 αὐτῷ
400 1152 783 1228 εὐθυγράμμῳ
832 1149 998 1223 ὅμοια
1045 1151 1136 1207 καὶ
1186 1149 1450 1223 ἀλλήλοις
1505 1151 1655 1207 ἐστὶν
1711 1149 1900 1223 ὅμοια·

201 1243 294 1299 καὶ
339 1241 402 1298 τὸ
450 1247 574 1298 ΕΗ
610 1240 721 1315 ἄρα
774 1239 1358 1313 παραλληλόγραμμον
1412 1243 1487 1316 τῷ
1537 1247 1648 1297 ΘΚ
1679 1246 1899 1312 ,παραλ-

202 1329 576 1405 ληλογράμμῳ
617 1328 816 1402 ὅμοιόν
858 1331 1024 1385 ἐστιν.

119 1435 170 1474 15
319 1419 544 1486 Παντὸς
582 1417 692 1487 ἄρα
738 1417 1323 1490 παραλληλογράμμου
1370 1416 1435 1473 τὰ
1474 1419 1599 1490 περὶ
1638 1417 1740 1490 τὴν
1782 1418 1899 1474 διά·
1940 1463 1948 1470 .

203 1531 405 1582 μετρον
452 1508 1000 1580 παραλληλόγραμμα
1050 1504 1216 1578 ὅμοιά
1266 1509 1380 1563 ἐστι
1428 1510 1504 1584 τῷ
1552 1529 1608 1563 τε
1657 1505 1768 1583 ὅλῳ
1808 1508 1901 1563 καὶ

204 1595 484 1670 ἀλλήλοις·
526 1596 661 1669 ὅπερ
702 1599 813 1652 ἔδει
855 1597 1042 1663 δεῖξαι.

1002 1779 1062 1813 κε
1088 1803 1100 1814 .

321 1851 417 1925 Τῷ
467 1848 740 1904 δοθέντι
789 1846 1237 1923 εὐθυγράμμῳ
1287 1847 1521 1919 ὅμοιον
1572 1849 1678 1903 καὶ
1726 1847 1899 1927 ἄλλῳ

114 1951 172 1993 20
203 1941 279 2014 τῷ
322 1937 594 1993 δοθέντι
634 1943 784 1992 ἴσον
823 1934 893 1991 τὸ
937 1933 1094 1991 αὐτὸ
1136 1935 1615 2007 συστήσασθαι.

298 2025 479 2082 ”Eam
525 2024 579 2081 τί
635 2025 736 2097 μὲν
780 2023 960 2080 (δοθὲν
1000 2022 1431 2096 εὐθύγραμμον,
1483 2019 1526 2101 ᾦ
1576 2028 1665 2082 δεῖ
1700 2025 1900 2097 ὅμοιον

203 2114 615 2187 συστήσασθαι,
654 2112 717 2170 τὸ
754 2117 935 2183 ΑΒΓ,
976 2105 1021 2188 ᾦ
1062 2112 1123 2169 δὲ
1164 2117 1253 2169 δεῖ
1290 2120 1441 2185 ἴσον,
1481 2113 1544 2171 τὸ
1584 2122 1661 2171 Δ·
1703 2119 1792 2171 δεῖ
1829 2113 1898 2187 δὴ

200 2207 276 2278 τῷ
316 2202 417 2274 μὲν
456 2207 629 2257 ΑΒΓ
660 2202 885 2274 ὅμοιον,
932 2205 1007 2278 τῷ
1050 2202 1112 2258 δὲ
1154 2209 1208 2257 Δ
1249 2208 1375 2258 ἴσον
1413 2201 1477 2259 τὸ
1519 2202 1656 2260 αὐτὸ
1699 2204 1899 2276 συστή-

203 2299 428 2348 σασθαι.

321 2425 463 2470 XXV.
495 2423 619 2469 Hero
652 2424 742 2471 def.
778 2430 876 2471 116.
939 2425 1162 2470 Eutocius
1193 2425 1242 2469 in
1271 2424 1490 2483 Aponon.
1523 2439 1568 2481 p.
1602 2429 1672 2469 53.

324 2549 362 2592 1.
399 2544 511 2602 ΓΑ]
547 2546 591 2587 Γ
618 2556 733 2587 eras.
766 2542 815 2589 F.
952 2549 994 2590 2.
1030 2543 1148 2602 ΗΖ]
1184 2545 1278 2587 ΖΗ
1305 2542 1394 2600 Fp.
1539 2543 1655 2647 AF)
1690 2556 1807 2588 eras.
1840 2542 1898 2589 F.

202 2609 243 2648 3.
278 2602 392 2676 ΓΒ]
424 2605 461 2646 Β
494 2615 610 2647 eraS.
642 2602 693 2648 F.
759 2662 777 2671 -
830 2608 870 2647 4.
906 2605 990 2647 ΓΒ
1048 2606 1139 2648 ΒΓ
1165 2602 1216 2647 Ρ.
1356 2608 1408 2674 6.,
1431 2599 1568 2661 εἰσιν]
1604 2618 1625 2647 ε
1698 2615 1814 2648 eras.
1845 2603 1896 2647 F.

264 2669 303 2708 7.
335 2661 418 2721 το]
460 2675 576 2707 corr.
623 2674 677 2706 ex
715 2678 778 2719 τῳ
810 2677 871 2708 m.
905 2667 930 2706 2
1009 2699 1017 2708 .
1141 2665 1624 2719 παραλληλογράμμων
1686 2676 1801 2707 corr.
1842 2675 1898 2707 ex

201 2717 667 2781 παραλληλογράμμῳ
698 2736 760 2765 m.
793 2725 819 2765 2
852 2720 906 2765 V.
1031 2721 1124 2780 τῷ]
1161 2735 1276 2767 corr.
1303 2734 1360 2765 ex
1383 2717 1436 2765 τό
1461 2736 1522 2766 m.
1550 2726 1575 2764 2
1647 2756 1656 2766 .
1717 2723 1898 2778 παραλ-

200 2777 529 2839 ληλόγραμμον
568 2780 624 2837 V,
672 2793 786 2825 corr.
831 2795 892 2825 m.
934 2785 975 2827 2.
1056 2784 1063 2791 ‘
1129 2784 1170 2825 8.
1220 2776 1302 2838 δή]
1344 2776 1404 2837 δὴ
1443 2782 1530 2824 καί
1564 2779 1620 2834 F;
1669 2782 1754 2824 καί
1789 2780 1893 2824 add.

201 2841 244 2886 V
267 2855 326 2886 m.
361 2845 403 2885 2.
540 2845 579 2885 9.
612 2839 721 2901 καί]
754 2854 814 2884 m.
853 2844 878 2883 2
911 2839 961 2884 F.
1100 2840 1222 2898 ΚΘ]
1258 2841 1354 2884 ΘΚ
1380 2839 1430 2885 Ρ.
1564 2845 1631 2883 11.
1664 2842 1896 2897 παραλλη-
