1988 3152
487 6 948 49 ELEMENTORUM
978 6 1159 47 LIBER
1190 5 1267 47 IX.
1631 1 1739 58 363

39 147 162 183 rum
203 131 251 180 B
298 129 352 180 et
394 131 450 178 A
495 143 779 178 numerum
819 129 872 178 E
908 125 1207 194 aequaliter
1246 123 1481 176 metitur.
1558 122 1742 192 itaque

668 213 1028 284 permutando
1068 218 1122 266 A
1158 214 1338 266 unitas
1370 229 1653 264 numerum
1689 217 1743 264 A

668 306 723 355 et
761 306 807 355 Β
847 321 1135 355 numerum
1174 306 1227 354 E
1264 301 1561 370 aequaliter
1592 300 1742 352 meti-

322 364 373 405 ¹B
667 394 756 443 tur
814 389 974 459 [VII‚
1012 390 1126 457 15].
1212 373 1401 443 uefum
1455 394 1508 442 A
1560 390 1743 442 unitas

453 452 516 494 'F
668 498 951 532 numerum
978 483 1033 532 A
1066 479 1359 533 seeundum
1390 478 1630 532 unitates
1661 478 1743 548 ip-

669 569 780 622 sius
827 569 1065 622 metitur.
1136 569 1320 638 itaque
1356 568 1522 620 etiam
1561 571 1609 620 B
1648 586 1742 621 nu-

672 677 881 712 merum
930 662 983 710 E
1032 658 1326 711 secundum
1366 658 1605 710 unitates
1644 675 1743 710 nu-

4 745 13 765 *
48 750 183 803 meri
217 753 273 801 A
311 748 548 801 metitur.
612 766 740 818 ergo
780 747 960 800 minor
999 750 1046 799 B
1079 747 1341 800 maiorem
1372 749 1425 799 E
1454 746 1744 800 secundum

3 878 5 883 -
46 839 284 907 aliquem
329 855 614 890 numerum
647 837 872 889 metitur
912 853 1123 904 eorum,
1171 836 1264 905 qui
1303 836 1448 888 inter
1487 853 1742 888 numeros

3 920 13 930 ⁴
44 926 481 997 proportionales
524 928 756 979 exstant.

89 287 221 318 1———1
231 276 267 316 A

16 408 25 414 κ
90 378 95 405 1

0 474 27 486 ⁷·
86 467 92 496 Ι

87 554 546 585 1———-—1
557 543 599 582 A

42 632 626 675 E2—-——--—-—1

672 1102 1122 1157 Corollarium.

0 1286 3 1292 y
155 1223 230 1276 Et
268 1223 617 1276 manifestum
659 1226 764 1291 est,
808 1240 967 1291 quem
1010 1222 1255 1274 obtineat
1292 1221 1471 1275 10611111
1513 1223 1744 1276 metiens

0 1300 2 1360 ζ
52 1314 120 1366 ab
162 1313 396 1380 unitate,
445 1312 671 1364 eandem
712 1313 877 1363 etiam
918 1329 1061 1379 eum,
1110 1311 1400 1363 secundum
1441 1329 1599 1380 quem
1639 1330 1747 1365 me·

0 1473 2 1476 .
48 1403 234 1470 fiatur,
275 1403 402 1453 ante
427 1418 564 1468 eum,
596 1418 756 1470 quem
780 1400 1050 1468 metiatur,
1084 1399 1341 1452 obtinere.
1371 1430 1432 1437 —
1464 1401 1607 1470 quod
1632 1404 1748 1454 erat

0 1478 3 1525 Ῐ
46 1488 540 1542 demonstrandum.

832 1606 955 1660 XII.

160 1709 217 1763 Si
257 1711 526 1780 quotlibet
564 1711 775 1764 numeri
809 1711 877 1763 ab
909 1711 1117 1764 unitate
1150 1710 1402 1780 deinceps
1436 1714 1746 1782 proportio-

50 1799 201 1853 nales
243 1802 390 1869 sunt,
430 1801 734 1870 quicunque
773 1800 988 1852 numeri
1026 1801 1189 1869 primi
1227 1800 1479 1854 ultimum
1518 1802 1747 1855 metiun-

46 1894 151 1956 tur,
193 1888 357 1941 iidem
397 1889 563 1941 etiam
603 1889 806 1941 unitati
845 1889 1153 1957 proximum
1194 1890 1500 1944 metientur.

166 1977 286 2031 Sint
339 1977 607 2047 quotlibet
659 1978 870 2030 numeri
925 1978 993 2030 ab
1048 1978 1258 2031 unitate
1312 1980 1746 2049 proportionales

45 2071 98 2110 Αι
282 2081 287 2107 ι
457 2067 918 2108 ZJm-—n
950 2071 1018 2136 Α,
1051 2071 1112 2134 Β,
1138 2070 1197 2137 Γ,
1222 2072 1291 2121 Λ.
1356 2068 1491 2139 dico,
1532 2070 1747 2139 quicun-

43 2159 96 2199 Βι
369 2169 375 2198 ι
497 2168 501 2175 ·
774 2157 842 2199 {H
946 2175 1049 2226 que
1096 2159 1308 2210 numeri
1358 2158 1519 2227 primi
1560 2177 1746 2213 nume-

46 2248 101 2289 F·
466 2258 471 2288 ι
512 2258 517 2287 x
699 2245 758 2288 ιΘ
947 2265 1067 2299 rum
1100 2251 1156 2299 A
1186 2247 1496 2316 metiantur,
1529 2249 1747 2302 eosdem

45 2340 100 2379 Δι
361 2362 437 2366 *—
451 2349 553 2373 m-—t
945 2334 1109 2388 etiam
1141 2353 1425 2389 numerum
1458 2342 1511 2390 A
1535 2355 1747 2391 mensu·
1778 2367 1781 2370 ·

44 2426 226 2468 Ε.-ι
289 2460 293 2466 .
941 2442 1031 2477 ros
1072 2442 1202 2478 esse.

165 2534 294 2568 nam
317 2515 523 2582 primus
547 2531 801 2566 numerus
827 2516 880 2564 E
901 2531 1189 2566 numerum
1213 2517 1269 2566 A
1292 2515 1579 2572 metiatur..
1613 2516 1748 2585 dico,

51 2607 105 2657 E
138 2621 421 2657 numerum
463 2609 515 2655 A
561 2603 758 2656 metiri.
837 2619 965 2654 nam
1004 2619 1072 2654 ne
1112 2603 1383 2656 metiatur.
1461 2608 1515 2657 et
1555 2608 1607 2657 E
1640 2607 1747 2674 pri-

56 2711 175 2746 mus
232 2696 336 2761 est,
391 2693 567 2745 omnis
622 2695 801 2745 autem
858 2690 1066 2759 primus
1113 2710 1369 2746 numerus
1418 2693 1486 2746 ad
1535 2712 1749 2747 omnem

48 2799 355 2850 numerum,
416 2798 574 2849 quem
628 2797 740 2832 non
789 2779 1032 2848 metitur,
1080 2779 1282 2848 primus
1331 2783 1415 2833 est
1457 2779 1609 2852 [V11‚
1642 2783 1753 2849 29].
