1988 3152
234 150 340 204 158
815 200 818 203 ,
870 153 1205 196 ΣΤΟΙΧΕΙΩΝ
1237 154 1268 196 ς
1277 147 1303 196 ’.

160 343 170 351 .
230 275 373 343 ΛΚ,
415 272 591 337 οὕτως
628 270 663 342 ἡ
702 275 814 327 HA
858 270 998 343 πρὸς
1046 271 1150 342 τὴν
1196 277 1321 327 ΑΕ.
1399 269 1434 341 ἡ
1473 276 1591 325 HA
1629 269 1741 343 ἄρα
1787 270 1931 345 πρὸς

231 359 495 431 ἑκατέραν
541 363 655 415 τῶν
701 364 844 430 ΛΚ,
877 365 993 415 ΛΕ
1040 358 1142 416 τὸν
1188 357 1362 415 αὐτὸν
1410 363 1519 431 ἔχει
1566 359 1754 430 λόγον.
1833 367 1926 431 ἴση

232 449 342 521 ἄρα
382 448 532 503 ἐστὶν
572 445 605 519 ἡ
642 453 756 503 ΛΕ
789 452 855 522 τῇ
897 454 1018 504 ΑΚ
1053 446 1086 520 ἡ
1130 448 1372 505 ἐλάττων
1410 451 1477 520 τῇ
1519 453 1749 519 μείζονι·
1790 449 1925 520 ὅπερ
1983 469 1988 476 ·

234 537 383 592 ἐστὶν
431 535 758 592 ἀδύνατον.Δ
810 535 913 593 οὐκ
960 538 1071 608 ἄρα
1119 536 1221 592 οὔκ
1269 539 1383 593 ἐστι
1428 537 1553 609 περὶ
1592 537 1695 608 τὴν
1747 536 1925 608 αὐτὴν

174 640 200 680 5
234 624 535 698 διάμετρον
580 625 643 681 τὸ
693 631 916 681 ΑΒΓΔ
960 629 1036 701 τῷ
1084 632 1214 681 AZ·
1265 626 1389 698 περὶ
1435 624 1539 696 τὴν
1588 623 1767 697 αὐτὴν
1815 627 1927 698 ἄρα

232 711 346 770 ἐστὶ
388 713 690 788 διάμετρον
729 713 792 770 τὸ
833 719 1059 770 ΑΒΓΔ
1097 713 1678 788 παραλληλόγραμμον
1710 717 1785 790 τῷ
1818 722 1871 769 Α
1882 720 1929 769 Ζ

229 803 805 879 παραλληλογράμμῳ.

338 889 470 947 Ἐὰν
510 892 620 964 ἄρα
659 889 768 947 άπὸ
808 892 1392 965 παραλληλογράμμου
1431 890 1928 965 παραλληλόγραμ-

231 1002 340 1052 μον
381 978 667 1053 ἀφαιρεθῇ
710 979 909 1052 ὅμοιόν
948 1002 1004 1036 τε
1043 983 1118 1056 τῷ
1161 980 1271 1055 ὅλῳ
1306 980 1399 1035 καὶ
1433 979 1638 1052 ὁμοίως
1668 984 1929 1051 κείμενον

144 1083 199 1123 10
230 1067 431 1141 κοινὴν
470 1073 684 1140 γωνίαν
725 1071 854 1140 ἔχον
895 1067 1064 1145 αὐτῷ,
1103 1069 1228 1139 περὶ
1268 1067 1370 1140 τὴν
1410 1067 1585 1140 αὐτὴν
1627 1067 1930 1141 διάμετρόν

232 1160 347 1214 ἐστι
386 1165 461 1235 τῷ
503 1157 639 1233 ὅλῳ·
681 1154 815 1230 ὅπερ
857 1159 970 1212 ἔδει
1010 1159 1200 1224 δεῖξαι.

1030 1319 1127 1387 κζ’.

344 1423 627 1480 Πάντων
658 1427 785 1479 τῶν
819 1422 992 1493 παρὰ
1025 1422 1143 1494 τὴν
1175 1421 1386 1495 αὐτὴν
1420 1422 1694 1480 εὐθεῖαν
1725 1443 1928 1496 παρα-

229 1513 662 1583 βαλλομένων
701 1512 1412 1585 παραλληλογράμμων
1445 1513 1552 1567 καὶ
1586 1513 1926 1569 ἐλλειπόν-

142 1613 196 1654 15
229 1622 357 1655 των
398 1604 610 1656 εἴδεσι
648 1600 1370 1673 παραλληλογράμμοις
1418 1599 1677 1672 ὁμοίοις
1715 1623 1780 1658 τε
1819 1602 1926 1657 καὶ

231 1687 475 1760 ὁμοίως
522 1690 860 1761 κειμένοις
914 1692 997 1765 τῷ
1053 1686 1179 1745 άπὸ
1238 1692 1350 1761 τῆς
1404 1687 1709 1762 ἡμισείας
1771 1689 1926 1746 άνα-

228 1781 626 1855 γραφομένῳ
668 1778 982 1850 μέγιστόν
1024 1780 1161 1834 ἐστι
1200 1778 1273 1835 τὸ
1315 1776 1429 1835 άπί
1473 1782 1584 1850 τῆς
1623 1777 1926 1852 ἡμισείας

229 1867 827 1942 παραβαλλόμενον
885 1866 1624 1941 [παραλληλόγραμμον]
1691 1867 1927 1940 ὅμοιον

232 1954 307 2014 ὂν
347 1959 429 2034 τῷ
472 1959 869 2028 ἐλλείμματι.

141 2055 198 2096 20
329 2044 511 2103 ’Έστω
559 2041 754 2101 εὐθεῖα
808 2043 842 2116 ἡ
886 2051 996 2101 ΑΒ
1051 2046 1145 2100 καὶ
1184 2045 1476 2117 τετμήσθω
1519 2049 1646 2116 δίχα
1685 2045 1823 2101 κατὰ
1863 2044 1926 2102 τὸ

229 2141 293 2207 Γ,
332 2136 425 2191 καὶ
464 2133 912 2207 παραβεβλήσθω
952 2133 1101 2206 παρὰ
1140 2132 1245 2205 τὴν
1284 2139 1394 2190 ΑΒ
1435 2131 1667 2190 εὐθεῖαν
1710 2133 1772 2190 τὸ
1809 2141 1928 2189 ΛΔ

229 2223 812 2297 παραλληλόγραμμον
861 2225 1115 2279 ἐλλεῖπον
1171 2226 1307 2279 εἴδει
1364 2221 1924 2298 παραλληλογράμμῳ

229 2316 304 2389 τῳ”
331 2320 387 2367 Δ
395 2318 442 2368 Β
468 2311 850 2386 ἀναγραφέντι
875 2310 983 2367 άπὸ
1010 2314 1106 2383 τῆς
1129 2310 1381 2384 ἡμισείας
1403 2315 1502 2383 τῆς
1524 2319 1577 2367 Α
1587 2317 1652 2382 Β,
1678 2311 1927 2366 τουτέστι

228 2404 326 2472 τῆς
366 2406 491 2457 ΓΒ·
532 2402 698 2472 λέγω,
739 2399 825 2457 ὅτι
863 2399 1090 2457 πάντων
1128 2403 1241 2456 τῶν
1280 2399 1430 2473 παρὰ
1470 2398 1572 2471 τὴν
1607 2405 1716 2455 AB
1755 2420 1926 2473 παρα-

139 2498 196 2539 25
229 2490 591 2562 βαλλομένων
616 2489 1211 2561 παραλληλογράμμων
1234 2489 1326 2544 καὶ
1359 2487 1730 2544 ἐλλειπόντων
1755 2491 1927 2544 εἴδεσι

232 2578 872 2651 [παραλληλογράμμοις]
924 2575 1140 2649 ὁμοίοις
1177 2599 1234 2634 τε
1272 2577 1367 2633 καὶ
1408 2575 1614 2648 ὁμοίως
1651 2578 1927 2648 κειμένοις

352 2764 389 2803 1.
423 2758 539 2816 ΑΚ]
573 2756 632 2813 P;
673 2759 834 2814 ΑΕΚ,
879 2759 921 2801 Ε
953 2757 1002 2801 in
1032 2771 1145 2812 rae„
1178 2757 1237 2810 F3
1269 2758 1358 2799 ΑΕ
1388 2754 1444 2800 V.
1598 2755 1713 2814 AE]
1749 2758 1832 2798 ΑΒ
1874 2753 1922 2811 P,
1984 2770 1988 2773 ·

230 2831 345 2863 corr.
378 2832 437 2861 m.
471 2831 587 2872 re0.;
621 2821 714 2861 ΑΚ
741 2816 795 2861 V.
919 2812 1033 2875 ἄρα]
1075 2829 1163 2861 om.
1208 2815 1258 2860 P.
1383 2819 1422 2861 3.
1456 2814 1569 2871 AE]
1611 2817 1702 2858 ΑΚ
1737 2813 1925 2870 PFBp,
1982 2820 1985 2823 ⁴

228 2876 356 2921 Vm.
390 2882 431 2920 2.
553 2877 670 2935 ΑΚ]
704 2877 792 2920 ΑΕ
822 2875 1016 2933 PBFp,
1056 2875 1098 2920 V
1128 2891 1189 2921 m.
1223 2880 1264 2920 2.
1329 2870 1507 2919 ἐλάτων
1537 2874 1597 2928 F,
1638 2888 1753 2919 corr.
1787 2888 1847 2917 m.
1881 2878 1923 2918 2.
1967 2876 1985 2895 ’·

289 2941 330 2980 4.
365 2931 474 2994 οὔκ]
510 2935 629 2993 (alt.)
673 2950 760 2982 om.
802 2934 944 2992 BVp.
1017 2931 1144 2980 ἔστιν
1182 2933 1324 2980 PFB.
1473 2938 1512 2981 5.
1546 2933 1656 2991 AZ]
1688 2934 1792 2989 P‹p;
1835 2932 1924 2976 ΑΘ
