1988 3152
0 1189 3 1197 v
0 1103 6 1160 ---
0 1030 8 1087 „-—-
0 957 5 1014 ‹⁷-
0 926 7 945 --
0 441 13 902 ν-ρ--ὴ-νὟην-ν-Νν-ι--ιρ
0 411 10 428 -ι
0 301 11 394 v-vr·
0 250 8 287 w>-
4 215 18 238 ‘⁴'

553 12 1014 54 ELEMENTORUM
1042 13 1225 53 LIBER
1254 13 1333 56 rx,
1681 9 1788 63 389

95 150 444 186 numerorum
483 137 559 201 A,
590 135 655 200 Β,
688 133 741 184 Γ
772 134 1024 201 quartum
1055 131 1525 201 proportionalem
1554 129 1789 183 inueniri

91 240 204 275 non
242 239 418 291 posse.
480 239 611 273 nam
651 221 699 273 si
737 221 854 272 fieri
893 223 1094 290 potest,
1134 219 1444 273 inueniatur
1481 222 1543 272 E.
1605 219 1789 288 itaque

89 306 1039 376 A><E=B><F[VII,19].
1117 308 1788 364 uerumB><F=A.

91 418 258 469 quare
297 404 351 451 A
374 410 445 454 ><
470 401 524 450 E
545 422 614 440 =
642 401 711 450 A.
789 397 971 466 itaque
1011 402 1066 450 A
1112 415 1396 452 numerum
1435 400 1489 449 E
1524 396 1789 465 multipli-

91 507 219 541 cans
265 505 546 540 numerum
600 491 655 538 A
702 486 894 539 effecit.
955 490 1008 537 A
1054 486 1225 555 igibur
1272 503 1557 538 numerum
1605 488 1661 537 A
1709 504 1790 539 se-

90 576 322 630 eundum
376 579 428 628 E
475 575 714 627 metitur.
790 574 975 643 itaque
1014 579 1068 626 A
1115 593 1398 627 numerum
1449 579 1505 627 A
1551 574 1788 627 metitur.

90 683 277 717 uerum
318 664 482 717 etiam
521 682 630 716 non
668 663 920 733 metitum
961 663 1105 732 quod
1147 664 1445 717 absurdum
1486 666 1582 718 est.
1659 680 1788 733 ergo

87 772 434 807 numerorum
482 758 556 822 A,
588 757 659 822 Β,
691 755 745 806 Γ
797 756 1023 823 quartus
1078 753 1501 823 proportionalis
1556 752 1789 806 inueniri

92 860 204 895 non
242 844 446 911 potest,
485 842 582 894 ubi
620 846 674 894 A
712 859 996 894 numerum
1038 846 1093 894 A
1132 861 1243 896 non
1282 842 1519 896 metitur.
1597 859 1789 894 uerum

87 935 165 998 A,
203 933 283 998 Β,
331 932 385 983 Γ
442 949 510 982 ne
574 930 685 983 sini:
731 930 983 1000 deinceps
1047 930 1484 1000 proportionales
1539 949 1647 984 neu
1705 948 1791 983 ex-

85 1020 246 1072 tremi
291 1019 437 1072 inter
477 1037 533 1072 se
580 1019 758 1088 primi.
837 1022 891 1071 eb
931 1020 1005 1072 sit
1043 1023 1091 1072 Β
1119 1031 1190 1076 ><
1216 1021 1270 1072 Γ
1288 1045 1357 1062 =
1384 1022 1455 1072 A.
1533 1019 1788 1072 similiter

88 1108 610 1177 demonstrabimUS,
674 1108 720 1161 si
772 1114 825 1160 A
878 1127 1162 1161 numerum
1218 1113 1273 1161 A
1327 1108 1609 1177 metiatur,
1670 1108 1790 1161 fieri

0 1238 4 1249 .
87 1215 271 1267 posse,
317 1201 379 1249 ut
427 1216 614 1250 eorum
661 1200 884 1266 quartus
899 1196 940 1268 1)
987 1197 1300 1250 inueniatur
1345 1196 1790 1267 proporhionalis,

0 1354 2 1357 .
89 1287 176 1339 sin
215 1305 328 1339 non
367 1287 649 1355 metiatur,
695 1286 813 1339 fieri
852 1305 962 1340 non
1001 1304 1186 1356 posse3
1233 1287 1376 1355 quod
1416 1290 1533 1341 erai:
1573 1287 1788 1340 demon-

0 1372 1 1378 *
88 1375 386 1430 strandum.

878 1478 997 1532 XX.

202 1583 371 1636 Primi
411 1583 624 1635 numeri
662 1583 842 1651 plures
884 1586 1010 1636 sunt
1050 1584 1242 1652 quauis
1282 1583 1409 1638 data
1440 1583 1790 1639 mulssitudine

86 1673 387 1742 primorum
427 1690 788 1725 numerorum.
1443 1732 1452 1738 ,

203 1760 322 1814 Sint
361 1761 473 1814 dati
511 1762 723 1814 numeri
761 1760 922 1829 primi
948 1763 1022 1828 ·A,
1055 1763 1119 1830 B,
1151 1763 1211 1815 Γ.
1271 1762 1404 1832 dico,
1444 1763 1629 1832 plures
1672 1781 1790 1816 esse

87 1851 293 1920 primos
332 1868 586 1903 numeros
627 1868 790 1919 quam
831 1853 899 1918 A,
931 1852 994 1919 B,
1026 1852 1085 1903 Γ.
1149 1853 1396 1904 sumatur
1429 1852 1589 1922 enim,
1630 1871 1790 1923 quem

768 1985 819 2024 ιΑ
1019 1997 1024 2027 ι

537 2085 844 2114 1———-—›
858 2086 862 2113 τ
874 2074 908 2114 Β

536 1994 542 2024 ι
1299 1998 1302 2027 ι
1313 1987 1358 2027 Η

538 2173 542 2203 ι
909 2198 911 2202 ,
923 2162 965 2203 Γ

494 2253 549 2294 A!

1246 2192 1386 2235 EZ

1277 2266 1385 2295 1--1

87 2384 374 2437 minimum
414 2385 713 2438 metiuntur
749 2389 825 2454 A,
857 2388 929 2454 Β,
964 2388 1015 2437 Γ
1049 2385 1190 2455 [VIL
1223 2386 1318 2453 36]
1369 2389 1424 2440 et
1463 2387 1535 2440 sit
1567 2390 1693 2457 AE,
1736 2390 1790 2440 et

86 2476 315 2528 numer'o
350 2478 467 2527 ΛΕ
502 2475 788 2528 adficiatur
819 2474 1001 2527 unitas
1036 2479 1091 2527 A
1102 2478 1162 2528 Z.
1219 2478 1322 2528 EZ
1354 2476 1523 2546 igitur
1555 2479 1649 2529 aut
1679 2477 1788 2545 pri-

87 2580 206 2615 mus
248 2566 332 2616 est
372 2566 467 2615 aut
504 2581 615 2616 non
654 2562 878 2639 primus.
948 2563 1097 2631 prius
1140 2564 1211 2616 sit
1250 2563 1466 2634 primus,
1538 2581 1665 2635 ergo
1706 2565 1787 2617 in-

85 2799 110 2840 λ
210 2740 253 2794 1)
287 2737 484 2841 ἳίᾶεέξω·
523 2739 820 2784 scribendum
853 2752 954 2783 esse
987 2739 1070 2784 lin.
1106 2744 1181 2784 14:
1224 2736 1386 2791 αὐτοῖς
1418 2737 1640 2797 τέταρτον
1672 2737 1787 2785 οἰνά-

114 2812 246 2855 ογονς
280 2811 303 2841 e
329 2813 360 2843 r.
435 2833 443 2841 .
