1988 3152
271 132 403 185 156·
914 131 1252 178 ΣΤΟΙΧΕΙῼΝ
1282 127 1350 176 ς’.

266 250 362 306 καὶ
402 248 552 324 ἄλλω
591 250 667 324 τῷ
710 248 939 315 δοθέντι
977 250 1054 325 τῷ
1096 255 1151 303 Δ
1191 255 1317 305 ἴσον
1355 270 1418 306 το
1461 248 1598 306 αὐτὸ
1640 251 1973 306 συνέσταται

266 340 328 394 τὸ
372 343 571 393 ΚΗΘ·
613 336 749 409 ὅπερ
789 340 903 392 ἔδει
941 339 1186 407 ποιῆσαι.

1061 513 1167 572 σις’.

376 613 531 672 Ἐὰν
600 612 723 671 ἀπὸ
787 616 1490 688 παραλληλογράμμου
1552 616 1971 688 παραλληλό-

209 716 234 756 5
267 694 572 777 γραμμον
604 700 941 775 ἀφαιρεθῇ
976 703 1214 775 ὅμοιόν
1238 726 1303 759 τε
1327 708 1410 780 τῷ
1438 702 1563 776 ὅλῳ
1588 705 1695 760 καὶ
1723 702 1974 776 ὁμοίως

265 797 579 863 κείμενον
626 791 867 862 κοινὴν
914 796 1167 862 γωνίαν
1215 796 1366 864 ἕχον
1415 790 1615 869 αὐτῷ,
1662 793 1808 864 περὶ
1850 791 1970 864 τὴν

266 878 476 951 αὐτὴν
517 878 881 952 διάμετρόν
922 882 1057 935 ἐστι
1096 883 1179 957 τῷ
1221 879 1363 955 ὅλῳ.

375 967 504 1024 Ἀπὸ
555 969 664 1040 γὰρ
710 967 1297 1040 παραλληλογράμμου
1342 972 1444 1025 τοῦ
1490 974 1714 1025 ΑΒΓΔ
1759 977 1967 1043 παραλ-

265 1055 664 1128 ληλόγραμμον
719 1054 1036 1129 ἀφῃρήσθω
1092 1054 1157 1112 τὸ
1211 1062 1320 1111 ΑΖ
1376 1055 1574 1128 ὅμοιον
1621 1060 1696 1134 τῷ
1744 1063 1970 1114 ΑΒΓΔ

178 1160 232 1199 10
263 1145 356 1200 καὶ
404 1143 612 1216 ὁμοίως
656 1148 916 1215 κείμενον
962 1142 1164 1216 κοινὴν
1219 1150 1432 1215 γωνίαν
1480 1149 1609 1218 ἔχον
1657 1144 1806 1222 αὐτῷ
1862 1145 1966 1218 τὴν

262 1231 371 1289 ὑπὸ
414 1240 610 1289 ΔΑΒ·
650 1233 818 1304 λέγω,
859 1233 946 1288 ὅτι
983 1233 1108 1305 περὶ
1147 1232 1251 1305 τὴν
1291 1232 1467 1306 αὐτὴν
1507 1234 1807 1307 διάμετρόν
1847 1236 1962 1291 ἐστι

261 1321 326 1378 τὸ
366 1327 592 1378 ΑΒΓΔ
628 1324 705 1399 τῷ
746 1327 870 1377 ΑΖ.

374 1409 475 1482 Μὴ
531 1409 668 1483 γάρ,
728 1407 845 1465 ἀλλ’
907 1412 960 1466 εἰ
1012 1410 1286 1482 δυνατόν,
1343 1415 1480 1474 ἔστω
1538 1410 1788 1482 [αὐτῶν]
1847 1412 1963 1468 διά-

262 1520 460 1572 μετρος
507 1495 542 1569 ἡ
589 1503 770 1568 ΑΘΓ,
824 1498 918 1554 καὶ
966 1500 1304 1570 ἐκβληθεῖσα
1359 1497 1394 1570 ἡ
1441 1505 1553 1555 ΗΖ
1609 1500 1827 1573 διήχθω
1877 1501 1966 1556 ἐπὶ

175 1601 230 1641 15
261 1587 324 1644 τὸ
374 1594 446 1657 Θ,
500 1587 593 1642 καὶ
640 1585 801 1659 ἤχθω
851 1585 944 1643 διὰ
990 1590 1092 1642 τοῦ
1139 1593 1187 1643 Θ
1234 1585 1474 1662 ὁποτέρᾳ
1527 1591 1639 1643 τῶν
1685 1595 1828 1659 ΑΔ,
1860 1594 1979 1644 ΒΓ

261 1676 616 1750 παράλληλος
655 1674 689 1747 ἡ
731 1681 855 1732 ΘΚ.

370 1764 518 1821 Ἐπεὶ
545 1757 651 1820 οὖν
675 1765 800 1835 περὶ
824 1764 927 1836 τὴν
959 1763 1138 1836 αὐτὴν
1171 1764 1475 1837 διάμετρόν
1508 1767 1621 1822 ἐστι
1653 1763 1715 1821 τὸ
1740 1769 1967 1821 ΑΒΓΔ

260 1857 335 1931 τῷ
376 1859 523 1924 KH,
573 1857 723 1909 ἔστιν
769 1851 882 1924 ἄρα
927 1850 1003 1918 ὡς
1047 1850 1082 1924 ἡ
1124 1859 1241 1908 ΔΛ
1279 1851 1419 1925 πρὸς
1457 1852 1561 1924 τὴν
1600 1859 1736 1923 ΑΒ,
1787 1853 1970 1918 οὕτως

261 1940 295 2013 ἡ
336 1947 456 1997 ΗΑ
493 1939 633 2011 πρὸς
669 1939 774 2012 τὴν
814 1945 944 1996 ΑΚ.
1023 1944 1138 1996 ἔστι
1179 1940 1241 1996 δὲ
1272 1941 1366 1995 καὶ
1399 1940 1492 1996 διὰ
1526 1939 1630 2012 τὴν
1662 1939 1965 2012 ὁμοιότητα

175 2044 231 2084 20
262 2033 376 2086 τῶν
417 2035 656 2101 ΑΒΓΔ,
696 2034 820 2084 ΕΗ
848 2030 942 2084 καὶ
982 2027 1056 2095 ὡς
1094 2027 1128 2100 ἡ
1163 2036 1280 2084 ΔΑ
1310 2027 1450 2101 πρὸς
1479 2027 1583 2100 τὴν
1615 2035 1744 2098 ΑΒ,
1786 2028 1964 2097 οὕτως

262 2116 296 2191 ἡ
343 2123 462 2174 ΗΑ
507 2117 646 2190 πρὸς
691 2116 795 2189 τὴν
843 2123 976 2172 AE·
1022 2118 1115 2173 καὶ
1164 2115 1237 2184 ὥς
1285 2116 1395 2189 ἄρα
1442 2116 1476 2190 ἡ
1516 2123 1638 2173 ΗΑ
1682 2117 1822 2189 πρὸς
1859 2117 1966 2190 τὴν

385 2316 424 2357 1.
457 2311 520 2354 τῶ
554 2310 627 2369 Δ]
666 2310 723 2365 Ρ,
765 2309 899 2355 Vm.
934 2314 982 2366 2;
1028 2322 1118 2355 om.
1152 2310 1313 2355 Theon
1347 2309 1518 2382 (BFp,
1550 2309 1676 2355 Vm.
1712 2312 1770 2368 1).
1833 2313 1960 2356 συνί·

261 2385 428 2415 σταται
459 2357 516 2414 V.
624 2374 665 2414 3.
699 2344 787 2414 ’vv'
819 2369 913 2442 Fp.
1023 2375 1065 2414 4.
1098 2367 1550 2427 παραλληλόγραμον
1580 2369 1630 2415 Ρ.
1739 2374 1779 2415 5.
1813 2366 1962 2442 ἀφαι-

263 2429 409 2485 ρεθέν
423 2427 678 2501 φ.τῷ
711 2424 826 2487 ὅλῳ]
859 2426 910 2472 τὸ
945 2423 1079 2473 ολλον
1112 2445 1147 2483 φ
1178 2428 1229 2473 in
1258 2442 1348 2475 ras.
1470 2432 1511 2473 8.
1543 2427 1961 2487 παραλληλογράμ·

260 2504 350 2546 μου
376 2485 465 2544 γάρ
488 2487 539 2533 P.
662 2492 702 2532 9.
735 2487 847 2546 ΑΖ]
880 2501 1022 2544 supra.
1046 2493 1071 2532 2
1097 2488 1188 2533 litt
1216 2501 1332 2532 eras
1358 2489 1468 2533 sunt
1487 2487 1616 2541 inV3
1649 2487 1961 2545 AEZHBp.

321 2547 415 2607 τῷ]
466 2545 519 2591 τό
561 2543 1007 2604 φ.11.ἔστιν
1045 2547 1095 2591 F.
1251 2551 1318 2591 12.
1359 2543 1443 2605 τό]
1483 2547 1545 2604 τῷ
1578 2522 1634 2603 V,
1676 2561 1789 2594 corr.
1822 2561 1883 2591 m.
1917 2552 1960 2595 2.

257 2609 440 2651 ΑΒΓΔ
471 2605 526 2651 V.
652 2611 719 2652 13.
753 2602 933 2679 αὐτῶν]
974 2620 1064 2651 om.
1103 2604 1206 2651 FV.
1332 2611 1402 2651 14.
1420 2606 1602 2678 ΑΘΓ]
1646 2623 1705 2663 φ;
1745 2621 1800 2651 οσ
1836 2606 1960 2651 inter

259 2666 375 2710 duas
414 2678 503 2710 ras,
544 2664 595 2709 F.
749 2664 829 2710 καὶ
871 2661 1163 2723 ἐκβληθεῖσα
1187 2690 1242 2697 -
1271 2669 1351 2710 15.
1384 2662 1436 2709 τὸ
1472 2665 1538 2736 Θ]
1573 2665 1631 2739 Ρ;
1674 2680 1763 2710 om.
1797 2664 1959 2710 Theon

259 2723 411 2781 (BFV
420 2726 486 2781 p).
612 2729 681 2770 18.
714 2724 826 2775 Post
855 2727 963 2768 KH
988 2725 1095 2769 add.
1130 2723 1318 2769 Theon.
1358 2718 1524 2781 ομοιόν
1568 2700 1664 2768 ἐστι
1693 2721 1746 2769 τὸ
1778 2727 1962 2769 ΑΒΓΔ

256 2785 318 2842 τῷ
352 2786 458 2827 KH
490 2782 718 2841 (BFVp).
894 2789 964 2854 21.
1005 2783 1087 2828 καὶ
1129 2780 1191 2835 ὥς
1228 2800 1325 2841 αρα
1349 2809 1405 2816 -
1430 2798 1474 2840 p.
1518 2787 1603 2827 158
1640 2789 1685 2828 1:
1724 2780 1843 2841 πρὸς
1871 2780 1960 2840 τὴν

256 2843 373 2901 ΑΕ]
409 2857 497 2888 om.
532 2843 624 2898 Bp.
747 2842 869 2900 HA]
903 2838 1020 2886 ''A'H
1045 2843 1096 2887 F.
