1988 3152
516 116 975 157 ELEMENTORUM
1006 117 1188 157 LIBER
1219 117 1271 158 V.
1695 115 1764 167 19

191 234 273 287 Sit
319 235 462 313 enim
508 234 825 304 magnitudo
866 238 975 286 AB
1015 234 1406 304 magnitudinis
1448 237 1558 287 ΓΛ
1598 254 1765 305 aeque

535 344 577 385 Ε
877 322 1162 390 multiplex
1215 326 1373 391 atque
1426 323 1610 376 ablata
1656 329 1708 376 A
1718 328 1770 376 E

75 378 111 416 A
131 400 806 431 ¹*'—¹—‘¹‘—¹—''*‘
876 410 1091 463 ablatae
1118 412 1232 464 ΓΖ.
1297 411 1430 481 dico,
1457 413 1621 465 etiam
1646 413 1768 464 reli-

77 495 126 535 H
134 522 444 551 e——=-——=—=
460 497 502 536 A
878 517 1041 568 quam
1065 502 1170 551 ΕΒ
1195 500 1437 569 reliquae
1464 504 1575 553 ZA
1600 518 1767 570 aeque

76 590 431 659 multiplicem
472 607 588 642 esse
629 607 691 642 ac
729 591 904 641 totam
938 590 1048 639 AB
1086 588 1256 640 totius
1298 590 1425 641 ΓΔ.

187 698 315 732 nam
363 679 575 748 quoties
614 678 899 745 multiplex
939 679 1023 729 est
1061 681 1114 729 Α
1124 680 1177 729 Ε
1213 677 1604 752 magnitudinis
1646 679 1767 744 ΓΖ,

75 769 239 821 toties
286 768 574 835 multiplex
620 767 717 819 fiat
762 769 867 818 ΕΒ
915 765 1308 834 magnitudinis
1351 769 1477 819 ΓΗ.
1545 768 1600 818 et
1641 783 1768 835 quo-

75 858 222 910 niam
259 860 393 908 AE.
415 853 811 924 magnitudinis
859 855 960 905 ΓΖ
986 855 1039 904 et
1063 856 1167 906 ΕΒ
1216 852 1614 923 magnitudinis
1654 855 1776 906 ΗΓ

77 963 244 1014 aeque
267 945 550 1013 multiplex
583 946 679 1011 est,
705 943 869 995 etiam
893 945 1008 994 AE
1029 942 1426 1011 magnitudinis
1453 945 1555 995 ΓΖ
1581 944 1634 993 et
1656 944 1768 993 AB

76 1033 466 1104 magnitudinis
513 1035 625 1084 HZ
672 1049 837 1100 aeque
885 1031 1167 1098 multiplex
1226 1031 1331 1083 erit
1372 1033 1548 1100 [prop.
1588 1029 1653 1098 Ι].
1718 1033 1771 1082 et

76 1124 352 1192 posuimus
396 1124 510 1174 AE
554 1120 944 1191 magnitudinis
994 1121 1094 1171 ΓΖ
1127 1121 1181 1170 et
1206 1123 1320 1171 AB
1369 1118 1769 1189 magnitudinis

78 1215 189 1265 ΓΛ
221 1230 385 1281 aeque
425 1210 770 1278 multiplices,
823 1209 1009 1277 itaque
1043 1210 1153 1259 AB
1186 1207 1470 1276 utriusque
1504 1210 1564 1258 H
1573 1210 1632 1272 Z,
1658 1209 1770 1259 ΓΔ

78 1319 244 1369 aeque
285 1299 567 1367 multiplex
607 1301 704 1351 est.
767 1315 932 1366 quare
980 1299 1045 1347 H
1049 1299 1094 1347 Z
1120 1321 1189 1338 =
1215 1298 1342 1348 ΓΛ.
1407 1295 1770 1364 subtrahatur,

78 1407 213 1458 quae
253 1388 553 1442 communis
594 1390 691 1455 est,
730 1388 848 1439 ΓΖ.
910 1386 1092 1455 itaque
1126 1386 1335 1437 ΗΓΞ
1364 1388 1489 1436 ΖΔ.
1552 1387 1606 1437 et
1638 1402 1770 1454 quo-

75 1478 224 1530 niam
263 1481 378 1530 AE
411 1476 800 1546 magnitudinis
844 1477 944 1527 ΓΖ
985 1477 1039 1526 et
1078 1477 1182 1526 ΕΒ
1223 1473 1614 1543 magnitudinis
1657 1474 1776 1524 ΗΓ

78 1583 246 1635 aeque
285 1565 571 1634 multiplex
609 1568 717 1629 est,
757 1567 811 1617 et
850 1567 915 1616 H
917 1566 1057 1615 F=
1084 1566 1221 1630 ΔΖ,
1269 1563 1373 1614 erit
1413 1565 1528 1614 AE
1563 1561 1771 1631 magni-

76 1655 278 1707 tudinis
317 1657 419 1707 ΓΖ
454 1658 507 1707 et
545 1657 649 1706 ΕΒ
691 1652 1085 1723 magnitudinis
1121 1655 1232 1704 ZA
1266 1669 1434 1721 aeque
1466 1650 1768 1719 multiplex.

82 1744 463 1811 supposuimus
505 1745 698 1810 autem,
739 1759 856 1794 esse
888 1744 1001 1793 AE
1030 1740 1426 1811 magnitudinis
1459 1741 1560 1791 ΓΖ
1587 1741 1640 1791 et
1661 1741 1771 1789 AB

78 1831 463 1901 magnitudinis
488 1833 599 1884 ΓΔ
624 1848 789 1899 aeque
814 1830 1183 1899 multiplicem.
1232 1821 1414 1898 itaque
1438 1830 1543 1880 ΕΒ
1562 1827 1772 1896 magni-

79 1919 279 1972 tudinis
321 1923 432 1972 ΖΛ
470 1923 524 1971 et
562 1923 671 1971 AB
711 1919 1103 1989 magnitudinis
1135 1919 1247 1971 ΓΔ
1290 1935 1457 1986 aeque
1489 1915 1774 1984 multiplex

81 2011 178 2060 est.
238 2009 419 2076 itaque
451 2008 614 2059 etiam
645 2007 853 2075 reliqua
886 2010 989 2059 ΕΒ
1020 2006 1260 2074 reliquae
1288 2009 1400 2056 ZA
1433 2021 1600 2072 aeque
1632 2004 1770 2055 mul-

80 2095 247 2163 tiplex
286 2098 370 2147 est
408 2113 470 2148 ac
508 2098 629 2147 tota
667 2098 778 2147 AB
818 2094 986 2146 totius
1029 2095 1156 2145 ΓΔ.

193 2182 343 2251 Ergo
385 2184 431 2234 si
469 2183 787 2253 magnitudo
828 2181 1223 2251 magnitudinis
1266 2198 1435 2250 aeque
1483 2180 1772 2249 multiplex

79 2276 164 2323 est
201 2274 362 2339 atque
404 2270 587 2323 ablata
617 2270 857 2339 ablatae,
897 2271 1059 2322 etiam
1091 2269 1300 2338 reliqua
1331 2269 1572 2338 reliquae
1605 2287 1773 2338 aeque

80 2359 362 2428 multiplex
439 2360 542 2411 erit
603 2378 664 2412 ac
725 2361 841 2412 tota
902 2358 1099 2428 totius3
1170 2358 1313 2427 quod
1376 2361 1492 2410 erat
1554 2358 1775 2411 demon-

81 2447 375 2500 strandum.

254 2584 288 2587 —.
295 2580 339 2587 «μ.

79 2647 203 2697 ἐστίν
234 2653 283 2696 Ρ.
409 2659 476 2697 10.
509 2653 612 2712 ΑΒ]
652 2656 686 2696 Β
719 2654 767 2697 in
798 2668 888 2699 ras.
921 2654 971 2698 F.
1097 2653 1207 2712 HZ]
1240 2653 1290 2697 in
1315 2667 1401 2697 ras.
1427 2651 1576 2697 BFV.
1704 2658 1772 2697 12.

77 2707 203 2756 ἐστίν
243 2711 279 2754 Ρ
320 2713 369 2756 F.
494 2718 561 2757 14.
600 2713 704 2771 ΖΔ]
739 2714 796 2767 P,
829 2712 864 2755 F
890 2728 952 2758 m.
988 2718 1033 2767 13
1069 2716 1155 2756 ΛΖ
1186 2711 1338 2769 ssVp‚
1401 2712 1500 2756 Fm.
1535 2718 1576 2756 2.
1702 2717 1773 2756 15.

79 2766 222 2827 ἐστίν]
262 2772 320 2825 Ρ;
361 2786 510 2829 comp.
543 2787 595 2830 p;
631 2769 733 2817 ἐστι’
758 2772 906 2816 BFV.
969 2772 1329 2817 πολλαπλασίων
1366 2788 1415 2827 φ.
1542 2777 1611 2816 16.
1649 2771 1773 2827 ΗΓ]

78 2830 242 2887 (prius)
274 2845 369 2888 seq.
403 2845 491 2876 ras.
527 2838 549 2875 1
584 2832 691 2888 litt.‚
728 2835 777 2875 H
803 2831 852 2876 in
882 2846 971 2876 ras.
997 2831 1053 2876 V.
1178 2837 1245 2875 17.
1281 2830 1389 2889 AZ]
1418 2834 1504 2874 ZA
1528 2831 1579 2877 Ρ.
1704 2834 1773 2875 20.

81 2888 205 2935 ἐστίν
230 2890 278 2935 Ρ.
403 2891 510 2949 ΖΔ]
546 2908 604 2948 φ,
639 2894 727 2935 ΔΖ
759 2891 807 2935 F.
932 2896 1002 2936 26.
1040 2888 1164 2935 ἐστιν
1196 2890 1247 2935 Ρ.

1446 2963 1507 3007 2*
