1988 3152
161 91 271 144 420
843 91 1160 134 APPENDIX.

158 215 344 265 ΘΚΛ.
422 210 536 265 ἐπεὶ
583 207 690 281 γὰρ
739 207 938 279 ὅμοιόν
986 210 1101 263 ἐστι
1138 207 1200 263 τὸ
1243 215 1415 263 ΑΒΕ
1458 213 1738 280 τρίγωνον
1776 211 1852 284 τῷ

158 303 334 353 ΖΗΛ
363 297 638 372 τριγώνῳ,
670 295 734 352 τὸ
765 303 939 352 ΑΒΕ
966 295 1076 369 ἄρα
1107 301 1385 368 τρίγωνον
1416 296 1555 368 πρὸς
1586 296 1648 352 τὸ
1683 303 1856 352 ΖΗΛ

159 389 493 441 διπλασίονα
547 385 721 455 λόγον
773 389 883 456 ἔχει
937 383 1076 456 ἤπερ
1131 383 1164 455 ἡ
1221 390 1331 439 ΒΕ
1380 383 1518 457 πρὸς
1569 384 1674 456 τὴν
1722 391 1855 441 HA.

161 473 255 529 διὰ
292 473 357 529 τὰ
402 473 546 529 αὐτὰ
589 474 658 545 δὴ
692 474 784 528 καὶ
815 472 878 528 τὸ
910 478 1079 529 ΒΕΓ
1110 478 1389 544 τρίγωνον
1420 473 1558 545 πρὸς
1588 473 1650 529 τὸ
1684 479 1858 529 ΗΛΘ

101 576 128 616 5
159 565 438 632 τρίγωνον
494 564 827 616 διπλασίονα
880 562 1054 631 λόγον
1110 565 1219 632 ἔχει
1281 560 1420 633 ἥπερ
1476 559 1510 631 ἡ
1562 567 1673 616 ΒΕ
1722 560 1859 633 πρὸς

158 648 263 720 τὴν
300 655 435 705 ΗΛ.
512 654 664 705 ἔστιν
705 649 814 721 ἄρα
855 647 928 715 ὡς
965 648 1028 704 τὸ
1069 655 1242 704 ΑΒΕ
1286 655 1565 722 τρίγωνον
1615 647 1750 720 πρὸς
1795 648 1858 704 τὸ

161 743 333 793 ΖΗΛ
371 743 668 810 τρίγωνον,
710 738 888 802 οὕτως
924 737 988 792 τὸ
1028 743 1199 792 ΒΕΓ
1229 737 1367 809 πρὸς
1405 737 1468 793 τὸ
1508 743 1696 793 ΗΛΘ.
1758 739 1861 793 ποί-

159 833 251 881 λιν
307 827 423 882 ἐπεὶ
478 825 676 897 ὅμοιόν
726 827 886 894 [ἐστι]
934 823 997 881 τὸ
1037 829 1203 881 ΕΒΓ
1243 830 1524 897 τρίγωνον
1570 828 1645 898 τῷ
1687 831 1861 880 ΛΗΘ

159 914 442 991 τριγώνῳ,
496 913 559 971 τὸ
612 918 781 969 ΕΒΓ
826 912 935 985 ἄρα
989 913 1129 987 πρὸς
1180 914 1243 970 τὸ
1299 919 1471 969 ΛΗΘ
1526 917 1860 970 διπλασίονα

74 1017 130 1058 10
162 1001 335 1072 λόγον
375 1006 485 1074 ἔχει
524 1000 664 1074 ἤπερ
703 999 737 1073 ἡ
779 1006 887 1057 ΓΕ
925 1000 1122 1058 εὐθεῖα
1159 1001 1299 1073 πρὸς
1329 1000 1432 1074 τὴν
1463 1008 1587 1058 ΘΛ.
1665 1001 1759 1058 διὰ
1792 1002 1859 1058 τὰ

163 1088 305 1146 αὐτὰ
352 1090 422 1162 δὴ
470 1091 564 1145 καὶ
610 1088 672 1146 τὸ
721 1095 884 1146 ΕΓΔ
929 1095 1208 1162 τρίγωνον
1258 1090 1396 1163 πρὸς
1441 1089 1503 1145 τὸ
1542 1095 1715 1145 ΛΘΚ
1749 1095 1863 1163 τρί-

161 1200 350 1250 γωνον
399 1183 733 1235 διπλασίονα
779 1178 954 1250 λόγον
1008 1183 1118 1251 ἔχει
1165 1177 1305 1252 ἥπερ
1352 1176 1386 1251 ἡ
1437 1183 1543 1234 ΓΕ
1585 1177 1723 1251 πρὸς
1760 1178 1863 1251 τὴν

162 1272 287 1324 ΘΛ.
363 1270 514 1322 ἔστιν
546 1265 655 1339 ἄρα
696 1265 770 1332 ὡς
800 1267 859 1323 τί.
898 1273 1068 1323 ΒΕΓ
1097 1273 1375 1339 τρίγωνον
1406 1266 1546 1340 πρὸς
1574 1267 1637 1323 τὸ
1670 1273 1795 1323 AH
1798 1273 1863 1339 Θ,

166 1355 342 1421 οὕτως
386 1353 449 1411 τὸ
497 1360 668 1410 ΓΕΔ
713 1355 852 1428 πρὸς
901 1354 964 1411 τὸ
1013 1360 1195 1411 ΛΘΚ.
1273 1358 1498 1427 ἐδείχθη
1549 1355 1611 1411 δὲ
1656 1357 1750 1411 καὶ
1790 1354 1865 1423 ὡς

78 1460 131 1502 15
163 1442 227 1500 τὸ
283 1448 451 1500 ΕΒΓ
493 1443 633 1516 πρὸς
686 1443 748 1499 τὸ
804 1450 1004 1514 ΛΗΘ,
1062 1443 1240 1508 οὕτως
1293 1442 1356 1499 τὸ
1404 1450 1577 1500 ΑΒΕ
1619 1444 1758 1516 πρὸς
1802 1442 1864 1500 τὸ

110 1567 115 1570 -
166 1537 352 1588 ΖΗΛ.
429 1532 522 1587 καὶ
571 1530 645 1598 ὡς
690 1531 798 1606 ἄρα
843 1531 906 1588 τὸ
947 1538 1120 1587 ΑΒΕ
1154 1530 1292 1605 πρὸς
1337 1531 1399 1589 τὸ
1444 1539 1642 1604 ΖΗΛ,
1690 1533 1867 1600 οὕτως

165 1621 229 1677 τὸ
269 1625 438 1677 ΒΕΓ
468 1620 610 1693 πρὸς
647 1619 710 1677 τὸ
747 1627 927 1677 ΗΛΘ
964 1622 1057 1676 καὶ
1096 1621 1159 1676 τὸ
1203 1626 1364 1677 ΕΓΔ
1403 1621 1540 1692 πρὸς
1578 1620 1640 1678 τὸ
1673 1629 1866 1678 ΛΘΚ·

170 1711 303 1782 ὅπερ
344 1713 458 1765 ἔδει
499 1711 688 1777 δεῖξαι.

901 1845 1005 1915 VI,
1044 1846 1130 1899 27.

79 1976 138 2018 20
877 1959 1136 2026 ’Ἄλλως
1695 2020 1701 2026 1

266 2064 447 2121 ’Ἑστω
488 2063 595 2136 γὰρ
636 2064 805 2120 πάλιν
843 2062 876 2136 ἡ
919 2071 1027 2120 ΑΒ
1065 2072 1342 2136 τμηθεῖσα
1384 2068 1511 2138 δίχα
1550 2064 1687 2121 κατὰ
1727 2064 1789 2122 τὸ
1822 2070 1875 2122 Γ

293 2219 332 2258 1.
369 2211 491 2270 ἔστι]
525 2229 585 2258 m.
618 2218 644 2257 2
678 2213 728 2257 F.
828 2218 869 2258 2.
902 2210 1025 2272 ἄρα]
1060 2227 1149 2258 om.
1183 2213 1238 2259 V.
1338 2217 1381 2258 4.
1414 2212 1580 2270 ΒΕΓ]
1613 2209 1868 2258 ”Ε’ΒΓΕ“.

177 2279 215 2318 7.
249 2273 362 2317 Post
392 2276 536 2317 ΒΕΓ
564 2271 671 2318 add.
704 2274 933 2329 τρίγωνον
965 2273 1066 2330 Bp,
1097 2287 1157 2319 m.
1191 2277 1217 2316 2
1251 2272 1351 2318 FV.
1474 2277 1515 2318 8.
1551 2271 1674 2331 ἐστι]
1702 2286 1790 2317 om.
1818 2274 1868 2317 P.

176 2338 245 2377 10.
286 2329 488 2390 εὐθεῖα]
530 2347 590 2378 m.
632 2337 657 2376 2
699 2331 753 2375 V.
909 2337 977 2376 11.
1019 2332 1183 2390 ΕΓΔ]
1225 2346 1340 2376 corr.
1380 2345 1437 2376 ex
1478 2334 1622 2376 ΓΕΔ
1661 2347 1721 2375 m.
1767 2337 1790 2375 1
1823 2347 1868 2388 p.

172 2389 291 2447 πρὸς
322 2389 374 2435 τὸ
408 2394 554 2436 ΛΘΚ
583 2391 830 2450 τρίγωνον]
862 2406 956 2448 mg.
991 2406 1050 2435 m.
1077 2396 1102 2434 2
1130 2392 1181 2446 Β,
1214 2405 1303 2436 om.
1330 2405 1388 2447 pt,
1421 2392 1701 2436 διπλασίονα
1730 2387 1871 2447 λόγον

177 2448 272 2508 ἔχει
304 2448 421 2506 πρός
452 2451 503 2494 in
532 2465 624 2495 ras.
658 2465 717 2494 m.
752 2455 778 2494 2
810 2451 868 2506 F3
903 2464 996 2507 seq.
1030 2447 1082 2494 τὸ
1115 2451 1262 2495 ΛΘΚ
1289 2452 1516 2508 τρίγωνον
1548 2466 1609 2494 m.
1644 2455 1684 2494 1.
1801 2455 1870 2495 12.

175 2511 455 2554 διπλασίονα
479 2506 620 2565 λόγον
644 2508 759 2566 ἔχει]
783 2509 834 2553 in
871 2522 961 2554 ras,
995 2525 1053 2553 m.
1088 2522 1178 2553 rec.
1212 2510 1261 2555 F.
1358 2514 1425 2553 13.
1458 2508 1624 2568 ΒΕΓ]
1658 2509 1869 2553 ΕΒΓΡ.

177 2574 247 2614 14.
283 2568 454 2627 ΓΕΔ]
487 2571 624 2613 ΕΓΔ
655 2568 704 2612 Ρ.
859 2573 928 2613 15.
963 2571 1098 2613 ΑΒΕ
1129 2565 1275 2627 πρός]
1322 2567 1372 2612 in
1402 2581 1494 2618 rae.
1525 2583 1585 2612 m.
1620 2572 1646 2611 2
1680 2568 1742 2624 V,
1776 2582 1824 2613 se
1861 2603 1871 2613 .

175 2624 293 2683 πρός
330 2643 392 2673 m.
434 2632 473 2672 1.
599 2633 667 2673 16.
700 2627 780 2671 καὶ
825 2624 886 2678 ὡς
925 2624 1018 2683 ἄρα
1043 2654 1099 2660 -
1129 2633 1205 2673 17:
1246 2630 1390 2671 ΒΕΓ
1423 2623 1542 2683 πρός
1612 2626 1662 2671 in
1700 2640 1789 2674 ras,
1861 2662 1871 2672 .

180 2693 248 2732 17.
283 2687 448 2745 ΒΕΓ]
489 2690 525 2730 Β
565 2687 615 2731 in
653 2700 741 2730 raS.
787 2702 848 2732 m.
881 2692 907 2731 2
940 2687 996 2732 V.
1147 2686 1264 2732 Post
1293 2688 1442 2731 ΛΘΚ
1469 2687 1529 2730 ad
1569 2722 1576 2731 .
1611 2686 1759 2743 BVp:
1791 2686 1873 2731 καὶ

178 2743 241 2798 ὥς
272 2743 366 2802 ἄρα
387 2745 445 2790 ἓν
469 2747 561 2790 τῶν
586 2744 863 2817 ἡγουμένων
888 2744 1006 2803 πρὸς
1025 2743 1083 2790 ἓν
1109 2746 1199 2790 τῶν
1225 2743 1485 2803 ἑπομένων,
1510 2742 1657 2797 οὕτως
1681 2742 1873 2790 ἅπαντα

178 2802 236 2850 τὰ
269 2801 512 2863 ἡγούμενα
544 2804 661 2863 πρὸς
692 2803 884 2849 ἅπαντα
917 2804 973 2849 τὰ
1009 2802 1219 2863 ἑπόμενα
1250 2805 1333 2850 καὶ
1363 2801 1421 2849 τὰ
1454 2802 1596 2850 λοιπά
1629 2801 1692 2856 ὥς
1724 2802 1776 2850 ἐν
1815 2805 1870 2863 τῇ

178 2867 384 2924 προτέρᾳ
417 2865 586 2919 δείξεις
619 2864 746 2910 idem
776 2865 833 2921 F,
867 2865 950 2909 sed
979 2866 1145 2922 postea
1175 2864 1332 2909 insert.
1364 2863 1413 2908 in
1444 2878 1533 2909 ras.
1659 2869 1728 2909 19.
1760 2864 1874 2908 Post
