<?xml version="1.0" encoding="UTF-8"?>
<!DOCTYPE html PUBLIC "-//W3C//DTD XHTML 1.0 Transitional//EN"
    "http://www.w3.org/TR/xhtml1/DTD/xhtml1-transitional.dtd">
<html xmlns="http://www.w3.org/1999/xhtml" xml:lang="en" lang="en">
 <head>
  <title>
</title>
<meta http-equiv="Content-Type" content="text/html;charset=utf-8" />
  <meta name='ocr-system' content='tesseract 3.04.00' />
  <meta name='ocr-capabilities' content='ocr_page ocr_carea ocr_par ocr_line ocrx_word'/>
</head>
<body>
  <div class='ocr_page' id='page_1' title='image "./euclidisoperaomn02eucluoft_0060.png"; bbox 0 0 1988 3152; ppageno 0'>
   <div class='ocr_carea' id='block_1_1' title="bbox 237 74 1260 128">
    <p class='ocr_par' dir='ltr' id='par_1_1' title="bbox 237 74 1260 128">
     <span class='ocr_line' id='line_1_1' title="bbox 237 74 1260 128; baseline 0.002 -7"><span class='ocrx_word' id='word_1_1' title='bbox 237 75 310 128; x_wconf 85' lang='lat'><strong><em>34</em></strong></span> <span class='ocrx_word' id='word_1_2' title='bbox 832 78 1170 122; x_wconf 73' lang='grc' dir='ltr'>ΣΤΟΙΧΕῙΩΝ</span> <span class='ocrx_word' id='word_1_3' title='bbox 1201 93 1222 123; x_wconf 87' lang='grc' dir='ltr'><strong><em>ε</em></strong></span> <span class='ocrx_word' id='word_1_4' title='bbox 1231 74 1260 123; x_wconf 90' lang='grc'><strong><em>’.</em></strong></span> 
     </span>
    </p>
   </div>
   <div class='ocr_carea' id='block_1_2' title="bbox 236 193 1929 356">
    <p class='ocr_par' dir='ltr' id='par_1_2' title="bbox 236 193 1929 356">
     <span class='ocr_line' id='line_1_2' title="bbox 236 193 1929 270; baseline 0.004 -22"><span class='ocrx_word' id='word_1_5' title='bbox 236 193 410 264; x_wconf 80' lang='grc' dir='ltr'><strong><em>λόγον</em></strong></span> <span class='ocrx_word' id='word_1_6' title='bbox 451 197 580 265; x_wconf 81' lang='grc' dir='ltr'><strong><em>ἔχον</em></strong></span> <span class='ocrx_word' id='word_1_7' title='bbox 620 193 807 265; x_wconf 81' lang='grc' dir='ltr'><strong><em>μεῖζόν</em></strong></span> <span class='ocrx_word' id='word_1_8' title='bbox 848 197 1021 251; x_wconf 83' lang='grc' dir='ltr'><strong><em>ἐστιν·</em></strong></span> <span class='ocrx_word' id='word_1_9' title='bbox 1061 195 1154 250; x_wconf 89' lang='grc' dir='ltr'><strong><em>καὶ</em></strong></span> <span class='ocrx_word' id='word_1_10' title='bbox 1192 196 1332 269; x_wconf 82' lang='grc' dir='ltr'><strong><em>πρὸς</em></strong></span> <span class='ocrx_word' id='word_1_11' title='bbox 1372 194 1402 253; x_wconf 80' lang='grc' dir='ltr'>ὃ</span> <span class='ocrx_word' id='word_1_12' title='bbox 1436 197 1497 253; x_wconf 84' lang='grc' dir='ltr'><strong><em>τὸ</em></strong></span> <span class='ocrx_word' id='word_1_13' title='bbox 1533 196 1669 253; x_wconf 82' lang='grc' dir='ltr'><strong><em>αὐτὸ</em></strong></span> <span class='ocrx_word' id='word_1_14' title='bbox 1704 204 1929 270; x_wconf 80' lang='grc' dir='ltr'><strong><em>μείζονα</em></strong></span> 
     </span>
     <span class='ocr_line' id='line_1_3' title="bbox 236 283 1927 356; baseline 0.004 -20"><span class='ocrx_word' id='word_1_15' title='bbox 236 283 408 352; x_wconf 76' lang='grc' dir='ltr'><strong><em>λόγον</em></strong></span> <span class='ocrx_word' id='word_1_16' title='bbox 459 286 595 354; x_wconf 84' lang='grc' dir='ltr'><strong><em>ἔχει,</em></strong></span> <span class='ocrx_word' id='word_1_17' title='bbox 642 284 820 338; x_wconf 80' lang='grc' dir='ltr'><strong><em>ἐκεῖνο</em></strong></span> <span class='ocrx_word' id='word_1_18' title='bbox 862 283 1092 339; x_wconf 79' lang='grc' dir='ltr'><strong><em>ἔλαττόν</em></strong></span> <span class='ocrx_word' id='word_1_19' title='bbox 1133 285 1305 340; x_wconf 82' lang='grc' dir='ltr'><strong><em>ἐστιν·</em></strong></span> <span class='ocrx_word' id='word_1_20' title='bbox 1375 285 1509 356; x_wconf 81' lang='grc' dir='ltr'><strong><em>ὅπερ</em></strong></span> <span class='ocrx_word' id='word_1_21' title='bbox 1566 289 1678 342; x_wconf 82' lang='grc' dir='ltr'><strong><em>ἔδει</em></strong></span> <span class='ocrx_word' id='word_1_22' title='bbox 1738 290 1927 355; x_wconf 82' lang='grc' dir='ltr'><strong><em>δεῖξαι.</em></strong></span> 
     </span>
    </p>
   </div>
   <div class='ocr_carea' id='block_1_3' title="bbox 120 468 1933 2480">
    <p class='ocr_par' dir='ltr' id='par_1_3' title="bbox 1035 468 1130 501">
     <span class='ocr_line' id='line_1_4' title="bbox 1035 468 1130 501; baseline 0 0"><span class='ocrx_word' id='word_1_23' title='bbox 1035 468 1092 501; x_wconf 90' lang='grc' dir='ltr'><strong><em>ια</em></strong></span> <span class='ocrx_word' id='word_1_24' title='bbox 1119 489 1130 501; x_wconf 94' lang='grc'><strong>.</strong></span> 
     </span>
    </p>

    <p class='ocr_par' dir='ltr' id='par_1_4' title="bbox 351 545 1930 624">
     <span class='ocr_line' id='line_1_5' title="bbox 351 545 1930 624; baseline 0.003 -22"><span class='ocrx_word' id='word_1_25' title='bbox 351 550 431 602; x_wconf 70' lang='lat' dir='ltr'><strong><em>OC</em></strong></span> <span class='ocrx_word' id='word_1_26' title='bbox 481 551 565 622; x_wconf 76' lang='grc' dir='ltr'><strong><em>τῷ</em></strong></span> <span class='ocrx_word' id='word_1_27' title='bbox 621 545 793 624; x_wconf 77' lang='grc' dir='ltr'><strong><em>αὐτῷ</em></strong></span> <span class='ocrx_word' id='word_1_28' title='bbox 849 547 1024 623; x_wconf 79' lang='grc' dir='ltr'><strong><em>λόγῳ</em></strong></span> <span class='ocrx_word' id='word_1_29' title='bbox 1081 551 1147 603; x_wconf 79' lang='grc' dir='ltr'><strong><em>οἰ</em></strong></span> <span class='ocrx_word' id='word_1_30' title='bbox 1202 547 1396 605; x_wconf 83' lang='grc' dir='ltr'><strong><em>αὐτοὶ</em></strong></span> <span class='ocrx_word' id='word_1_31' title='bbox 1450 549 1557 605; x_wconf 89' lang='grc' dir='ltr'><strong><em>καὶ</em></strong></span> <span class='ocrx_word' id='word_1_32' title='bbox 1612 548 1930 623; x_wconf 74' lang='grc' dir='ltr'><strong><em>ἀλλήλοις</em></strong></span> 
     </span>
    </p>

    <p class='ocr_par' dir='ltr' id='par_1_5' title="bbox 120 634 768 709">
     <span class='ocr_line' id='line_1_6' title="bbox 120 634 768 709; baseline 0.011 -24"><span class='ocrx_word' id='word_1_33' title='bbox 120 679 128 686; x_wconf 88' lang='grc'><strong>.</strong></span> <span class='ocrx_word' id='word_1_34' title='bbox 176 645 202 685; x_wconf 85' lang='grc'>5</span> <span class='ocrx_word' id='word_1_35' title='bbox 236 635 411 690; x_wconf 83' lang='grc' dir='ltr'><strong><em>εἰσὶν</em></strong></span> <span class='ocrx_word' id='word_1_36' title='bbox 452 637 518 691; x_wconf 83' lang='grc' dir='ltr'><strong><em>οί</em></strong></span> <span class='ocrx_word' id='word_1_37' title='bbox 553 634 768 709; x_wconf 37' lang='grc' dir='ltr'><strong><em>αὐτοί..</em></strong></span> 
     </span>
    </p>

    <p class='ocr_par' dir='ltr' id='par_1_6' title="bbox 234 722 1930 1063">
     <span class='ocr_line' id='line_1_7' title="bbox 330 722 1930 798; baseline 0.003 -19"><span class='ocrx_word' id='word_1_38' title='bbox 330 722 622 781; x_wconf 79' lang='grc' dir='ltr'><strong><em>’Έστωσαν</em></strong></span> <span class='ocrx_word' id='word_1_39' title='bbox 676 725 784 798; x_wconf 80' lang='grc' dir='ltr'><strong><em>γὰρ</em></strong></span> <span class='ocrx_word' id='word_1_40' title='bbox 840 723 914 792; x_wconf 75' lang='grc' dir='ltr'><strong><em>ὥς</em></strong></span> <span class='ocrx_word' id='word_1_41' title='bbox 967 725 1070 797; x_wconf 77' lang='grc' dir='ltr'><strong><em>μὲν</em></strong></span> <span class='ocrx_word' id='word_1_42' title='bbox 1122 725 1183 781; x_wconf 86' lang='grc' dir='ltr'><strong><em>τὸ</em></strong></span> <span class='ocrx_word' id='word_1_43' title='bbox 1233 733 1287 781; x_wconf 94' lang='lat' dir='ltr'><em>A</em></span> <span class='ocrx_word' id='word_1_44' title='bbox 1325 726 1463 798; x_wconf 83' lang='grc' dir='ltr'><strong><em>πρὸς</em></strong></span> <span class='ocrx_word' id='word_1_45' title='bbox 1509 725 1570 782; x_wconf 85' lang='grc' dir='ltr'><strong><em>τὸ</em></strong></span> <span class='ocrx_word' id='word_1_46' title='bbox 1620 733 1696 797; x_wconf 95' lang='grc' dir='ltr'><strong><em>Β,</em></strong></span> <span class='ocrx_word' id='word_1_47' title='bbox 1752 728 1930 794; x_wconf 78' lang='grc' dir='ltr'><strong><em>οὕτως</em></strong></span> 
     </span>
     <span class='ocr_line' id='line_1_8' title="bbox 234 811 1925 887; baseline 0.003 -20"><span class='ocrx_word' id='word_1_48' title='bbox 234 811 295 868; x_wconf 83' lang='grc' dir='ltr'><strong><em>τὸ</em></strong></span> <span class='ocrx_word' id='word_1_49' title='bbox 338 817 392 868; x_wconf 94' lang='grc' dir='ltr'>Γ</span> <span class='ocrx_word' id='word_1_50' title='bbox 422 813 562 886; x_wconf 82' lang='grc' dir='ltr'><strong><em>πρὸς</em></strong></span> <span class='ocrx_word' id='word_1_51' title='bbox 598 813 660 870; x_wconf 85' lang='grc' dir='ltr'><strong><em>τὸ</em></strong></span> <span class='ocrx_word' id='word_1_52' title='bbox 705 823 785 884; x_wconf 91' lang='grc' dir='ltr'>Λ,</span> <span class='ocrx_word' id='word_1_53' title='bbox 834 811 909 880; x_wconf 78' lang='grc' dir='ltr'><strong><em>ὥς</em></strong></span> <span class='ocrx_word' id='word_1_54' title='bbox 948 813 1010 870; x_wconf 77' lang='grc' dir='ltr'><strong><em>δὲ</em></strong></span> <span class='ocrx_word' id='word_1_55' title='bbox 1047 814 1109 870; x_wconf 88' lang='grc' dir='ltr'><strong><em>τὸ</em></strong></span> <span class='ocrx_word' id='word_1_56' title='bbox 1152 820 1206 870; x_wconf 92' lang='grc' dir='ltr'><em>Γ</em></span> <span class='ocrx_word' id='word_1_57' title='bbox 1235 812 1373 887; x_wconf 83' lang='grc' dir='ltr'><strong><em>πρὸς</em></strong></span> <span class='ocrx_word' id='word_1_58' title='bbox 1412 814 1474 870; x_wconf 88' lang='grc' dir='ltr'><strong><em>τὸ</em></strong></span> <span class='ocrx_word' id='word_1_59' title='bbox 1517 821 1597 886; x_wconf 94' lang='lat' dir='ltr'><strong><em>A,</em></strong></span> <span class='ocrx_word' id='word_1_60' title='bbox 1648 814 1824 882; x_wconf 79' lang='grc' dir='ltr'><strong><em>οὕτως</em></strong></span> <span class='ocrx_word' id='word_1_61' title='bbox 1862 815 1925 872; x_wconf 80' lang='grc' dir='ltr'><strong><em>τὸ</em></strong></span> 
     </span>
     <span class='ocr_line' id='line_1_9' title="bbox 234 901 1927 975; baseline 0.002 -19"><span class='ocrx_word' id='word_1_62' title='bbox 234 907 288 956; x_wconf 89' lang='grc' dir='ltr'><em>Ε</em></span> <span class='ocrx_word' id='word_1_63' title='bbox 322 901 460 973; x_wconf 80' lang='grc' dir='ltr'><strong><em>πρὸς</em></strong></span> <span class='ocrx_word' id='word_1_64' title='bbox 497 901 559 958; x_wconf 87' lang='grc' dir='ltr'><strong><em>τὸ</em></strong></span> <span class='ocrx_word' id='word_1_65' title='bbox 601 907 670 957; x_wconf 88' lang='grc' dir='ltr'><strong><em>Ζ·</em></strong></span> <span class='ocrx_word' id='word_1_66' title='bbox 710 903 883 973; x_wconf 82' lang='grc' dir='ltr'><strong><em>λέγω,</em></strong></span> <span class='ocrx_word' id='word_1_67' title='bbox 931 901 1016 958; x_wconf 82' lang='grc' dir='ltr'><strong><em>ὅτι</em></strong></span> <span class='ocrx_word' id='word_1_68' title='bbox 1064 903 1214 958; x_wconf 81' lang='grc' dir='ltr'><strong><em>ἐστὶν</em></strong></span> <span class='ocrx_word' id='word_1_69' title='bbox 1267 901 1341 969; x_wconf 76' lang='grc' dir='ltr'><strong><em>ὡς</em></strong></span> <span class='ocrx_word' id='word_1_70' title='bbox 1386 902 1447 959; x_wconf 85' lang='grc' dir='ltr'><strong><em>τὸ</em></strong></span> <span class='ocrx_word' id='word_1_71' title='bbox 1488 911 1540 959; x_wconf 92' lang='grc' dir='ltr'><em>Α</em></span> <span class='ocrx_word' id='word_1_72' title='bbox 1578 902 1718 975; x_wconf 84' lang='grc' dir='ltr'><strong><em>πρὸς</em></strong></span> <span class='ocrx_word' id='word_1_73' title='bbox 1756 902 1818 960; x_wconf 86' lang='grc' dir='ltr'><strong><em>τὸ</em></strong></span> <span class='ocrx_word' id='word_1_74' title='bbox 1859 910 1927 975; x_wconf 98' lang='grc' dir='ltr'><strong><em>Β,</em></strong></span> 
     </span>
     <span class='ocr_line' id='line_1_10' title="bbox 238 987 982 1063; baseline 0.004 -19"><span class='ocrx_word' id='word_1_75' title='bbox 238 987 414 1056; x_wconf 78' lang='grc' dir='ltr'><strong><em>οὕτως</em></strong></span> <span class='ocrx_word' id='word_1_76' title='bbox 451 989 513 1046; x_wconf 87' lang='grc' dir='ltr'><strong><em>τὸ</em></strong></span> <span class='ocrx_word' id='word_1_77' title='bbox 555 997 608 1046; x_wconf 92' lang='grc' dir='ltr'><em>Ε</em></span> <span class='ocrx_word' id='word_1_78' title='bbox 642 988 780 1063; x_wconf 85' lang='grc' dir='ltr'><strong><em>πρὸς</em></strong></span> <span class='ocrx_word' id='word_1_79' title='bbox 819 990 880 1047; x_wconf 86' lang='grc' dir='ltr'><strong><em>τὸ</em></strong></span> <span class='ocrx_word' id='word_1_80' title='bbox 923 997 982 1047; x_wconf 92' lang='grc' dir='ltr'><strong><em>Ζ.</em></strong></span> 
     </span>
    </p>

    <p class='ocr_par' dir='ltr' id='par_1_7' title="bbox 147 1078 1928 1329">
     <span class='ocr_line' id='line_1_11' title="bbox 147 1078 1928 1152; baseline 0.002 -19"><span class='ocrx_word' id='word_1_81' title='bbox 147 1093 201 1133; x_wconf 91' lang='grc'><strong><em>10</em></strong></span> <span class='ocrx_word' id='word_1_82' title='bbox 347 1078 628 1151; x_wconf 82' lang='grc' dir='ltr'><strong><em>Εἰλήφθω</em></strong></span> <span class='ocrx_word' id='word_1_83' title='bbox 684 1078 792 1152; x_wconf 79' lang='grc' dir='ltr'><strong><em>γὰρ</em></strong></span> <span class='ocrx_word' id='word_1_84' title='bbox 847 1083 961 1136; x_wconf 75' lang='grc' dir='ltr'><strong><em>τῶν</em></strong></span> <span class='ocrx_word' id='word_1_85' title='bbox 1007 1087 1086 1150; x_wconf 91' lang='grc' dir='ltr'>Α,</span> <span class='ocrx_word' id='word_1_86' title='bbox 1111 1083 1181 1150; x_wconf 92' lang='grc' dir='ltr'><strong><em>Γ,</em></strong></span> <span class='ocrx_word' id='word_1_87' title='bbox 1208 1085 1261 1134; x_wconf 90' lang='grc' dir='ltr'><em>Ε</em></span> <span class='ocrx_word' id='word_1_88' title='bbox 1310 1078 1489 1146; x_wconf 78' lang='grc' dir='ltr'><em>ἰσάκις</em></span> <span class='ocrx_word' id='word_1_89' title='bbox 1542 1079 1928 1136; x_wconf 78' lang='grc' dir='ltr'><strong><em>πολλαπλάσια</em></strong></span> 
     </span>
     <span class='ocr_line' id='line_1_12' title="bbox 232 1164 1928 1240; baseline 0.001 -19"><span class='ocrx_word' id='word_1_90' title='bbox 232 1166 298 1221; x_wconf 80' lang='grc' dir='ltr'><strong><em>τὰ</em></strong></span> <span class='ocrx_word' id='word_1_91' title='bbox 338 1173 421 1238; x_wconf 94' lang='grc' dir='ltr'><strong><em>Η,</em></strong></span> <span class='ocrx_word' id='word_1_92' title='bbox 447 1173 520 1239; x_wconf 93' lang='grc' dir='ltr'><strong><em>Θ,</em></strong></span> <span class='ocrx_word' id='word_1_93' title='bbox 545 1174 626 1240; x_wconf 90' lang='grc' dir='ltr'><strong><em>Κ,</em></strong></span> <span class='ocrx_word' id='word_1_94' title='bbox 665 1172 779 1225; x_wconf 79' lang='grc' dir='ltr'><strong><em>τῶν</em></strong></span> <span class='ocrx_word' id='word_1_95' title='bbox 820 1167 882 1224; x_wconf 72' lang='grc' dir='ltr'><strong><em>δὲ</em></strong></span> <span class='ocrx_word' id='word_1_96' title='bbox 921 1174 994 1239; x_wconf 90' lang='grc' dir='ltr'><strong><em>Β,</em></strong></span> <span class='ocrx_word' id='word_1_97' title='bbox 1023 1175 1107 1238; x_wconf 98' lang='lat' dir='ltr'><strong><em>A,</em></strong></span> <span class='ocrx_word' id='word_1_98' title='bbox 1135 1174 1179 1223; x_wconf 94' lang='grc' dir='ltr'><em>Ζ</em></span> <span class='ocrx_word' id='word_1_99' title='bbox 1218 1168 1378 1239; x_wconf 75' lang='grc' dir='ltr'><strong><em>ἄλλα,</em></strong></span> <span class='ocrx_word' id='word_1_100' title='bbox 1419 1164 1453 1223; x_wconf 72' lang='grc' dir='ltr'><em>ἃ</em></span> <span class='ocrx_word' id='word_1_101' title='bbox 1495 1171 1706 1239; x_wconf 79' lang='grc' dir='ltr'><strong><em>ἔτυχεν,</em></strong></span> <span class='ocrx_word' id='word_1_102' title='bbox 1747 1167 1928 1235; x_wconf 77' lang='grc' dir='ltr'><em>ἰσάκις</em></span> 
     </span>
     <span class='ocr_line' id='line_1_13' title="bbox 233 1256 1055 1329; baseline 0.002 -18"><span class='ocrx_word' id='word_1_103' title='bbox 233 1256 620 1313; x_wconf 81' lang='grc' dir='ltr'><strong><em>πολλαπλάσια</em></strong></span> <span class='ocrx_word' id='word_1_104' title='bbox 659 1257 726 1313; x_wconf 79' lang='grc' dir='ltr'><strong><em>τὰ</em></strong></span> <span class='ocrx_word' id='word_1_105' title='bbox 766 1263 844 1329; x_wconf 95' lang='grc' dir='ltr'><strong><em>Λ,</em></strong></span> <span class='ocrx_word' id='word_1_106' title='bbox 868 1263 958 1327; x_wconf 89' lang='grc' dir='ltr'><strong><em>Μ,</em></strong></span> <span class='ocrx_word' id='word_1_107' title='bbox 984 1262 1055 1313; x_wconf 94' lang='grc' dir='ltr'><strong><em>Ν.</em></strong></span> 
     </span>
    </p>

    <p class='ocr_par' dir='ltr' id='par_1_8' title="bbox 235 1343 1929 1506">
     <span class='ocr_line' id='line_1_14' title="bbox 346 1343 1927 1416; baseline -0.001 -16"><span class='ocrx_word' id='word_1_108' title='bbox 346 1347 459 1401; x_wconf 85' lang='grc' dir='ltr'><strong><em>Καὶ</em></strong></span> <span class='ocrx_word' id='word_1_109' title='bbox 515 1349 638 1403; x_wconf 82' lang='grc' dir='ltr'><strong><em>ἐπεί</em></strong></span> <span class='ocrx_word' id='word_1_110' title='bbox 683 1348 833 1402; x_wconf 83' lang='grc' dir='ltr'><strong><em>ἐστιν</em></strong></span> <span class='ocrx_word' id='word_1_111' title='bbox 890 1343 964 1412; x_wconf 79' lang='grc' dir='ltr'><strong><em>ὡς</em></strong></span> <span class='ocrx_word' id='word_1_112' title='bbox 1010 1344 1072 1400; x_wconf 86' lang='grc' dir='ltr'><strong><em>τὸ</em></strong></span> <span class='ocrx_word' id='word_1_113' title='bbox 1121 1352 1174 1400; x_wconf 89' lang='grc' dir='ltr'><em>Α</em></span> <span class='ocrx_word' id='word_1_114' title='bbox 1218 1344 1358 1416; x_wconf 85' lang='grc' dir='ltr'><strong><em>πρὸς</em></strong></span> <span class='ocrx_word' id='word_1_115' title='bbox 1402 1344 1464 1400; x_wconf 85' lang='grc' dir='ltr'><strong><em>τὸ</em></strong></span> <span class='ocrx_word' id='word_1_116' title='bbox 1514 1349 1586 1415; x_wconf 94' lang='grc' dir='ltr'><strong><em>Β,</em></strong></span> <span class='ocrx_word' id='word_1_117' title='bbox 1643 1344 1819 1410; x_wconf 77' lang='grc' dir='ltr'><strong><em>οὕτως</em></strong></span> <span class='ocrx_word' id='word_1_118' title='bbox 1865 1344 1927 1400; x_wconf 86' lang='grc' dir='ltr'><strong><em>τὸ</em></strong></span> 
     </span>
     <span class='ocr_line' id='line_1_15' title="bbox 235 1431 1929 1506; baseline -0.001 -18"><span class='ocrx_word' id='word_1_119' title='bbox 235 1438 287 1488; x_wconf 93' lang='grc' dir='ltr'>Γ</span> <span class='ocrx_word' id='word_1_120' title='bbox 331 1433 469 1506; x_wconf 81' lang='grc' dir='ltr'><strong><em>πρὸς</em></strong></span> <span class='ocrx_word' id='word_1_121' title='bbox 519 1434 581 1491; x_wconf 82' lang='grc' dir='ltr'><strong><em>τὸ</em></strong></span> <span class='ocrx_word' id='word_1_122' title='bbox 639 1442 719 1506; x_wconf 93' lang='grc' dir='ltr'>Δ,</span> <span class='ocrx_word' id='word_1_123' title='bbox 774 1433 868 1490; x_wconf 89' lang='grc' dir='ltr'><strong><em>καὶ</em></strong></span> <span class='ocrx_word' id='word_1_124' title='bbox 924 1440 1174 1505; x_wconf 79' lang='grc' dir='ltr'><strong><em>εἴληπται</em></strong></span> <span class='ocrx_word' id='word_1_125' title='bbox 1228 1435 1342 1488; x_wconf 77' lang='grc' dir='ltr'><strong><em>τῶν</em></strong></span> <span class='ocrx_word' id='word_1_126' title='bbox 1398 1431 1499 1503; x_wconf 77' lang='grc' dir='ltr'><strong><em>μὲν</em></strong></span> <span class='ocrx_word' id='word_1_127' title='bbox 1551 1437 1707 1502; x_wconf 90' lang='grc' dir='ltr'>Α,Γ</span> <span class='ocrx_word' id='word_1_128' title='bbox 1750 1432 1929 1499; x_wconf 79' lang='grc' dir='ltr'><strong><em>ἰσάκις</em></strong></span> 
     </span>
    </p>

    <p class='ocr_par' dir='ltr' id='par_1_9' title="bbox 146 1517 1933 1950">
     <span class='ocr_line' id='line_1_16' title="bbox 146 1517 1927 1594; baseline 0 -19"><span class='ocrx_word' id='word_1_129' title='bbox 146 1534 202 1575; x_wconf 83' lang='grc'><strong><em>15</em></strong></span> <span class='ocrx_word' id='word_1_130' title='bbox 234 1523 620 1580; x_wconf 75' lang='grc' dir='ltr'><strong><em>πολλαπλάσια</em></strong></span> <span class='ocrx_word' id='word_1_131' title='bbox 659 1522 726 1579; x_wconf 80' lang='grc' dir='ltr'><strong><em>τὰ</em></strong></span> <span class='ocrx_word' id='word_1_132' title='bbox 766 1528 848 1594; x_wconf 88' lang='grc' dir='ltr'><strong><em>Η,</em></strong></span> <span class='ocrx_word' id='word_1_133' title='bbox 874 1529 948 1593; x_wconf 89' lang='grc' dir='ltr'><strong><em>Θ,</em></strong></span> <span class='ocrx_word' id='word_1_134' title='bbox 988 1525 1101 1578; x_wconf 77' lang='grc' dir='ltr'><strong><em>τῶν</em></strong></span> <span class='ocrx_word' id='word_1_135' title='bbox 1142 1521 1204 1577; x_wconf 72' lang='grc' dir='ltr'><strong><em>δὲ</em></strong></span> <span class='ocrx_word' id='word_1_136' title='bbox 1236 1527 1309 1591; x_wconf 93' lang='grc' dir='ltr'><strong><em>Β,</em></strong></span> <span class='ocrx_word' id='word_1_137' title='bbox 1337 1528 1390 1576; x_wconf 95' lang='lat' dir='ltr'><em>A</em></span> <span class='ocrx_word' id='word_1_138' title='bbox 1429 1521 1595 1589; x_wconf 78' lang='grc' dir='ltr'><strong><em>ἄλλα,</em></strong></span> <span class='ocrx_word' id='word_1_139' title='bbox 1643 1517 1677 1576; x_wconf 74' lang='grc' dir='ltr'><em>ἃ</em></span> <span class='ocrx_word' id='word_1_140' title='bbox 1718 1523 1927 1593; x_wconf 81' lang='grc' dir='ltr'><strong><em>ἔτυχεν,</em></strong></span> 
     </span>
     <span class='ocr_line' id='line_1_17' title="bbox 234 1606 1927 1682; baseline -0.002 -14"><span class='ocrx_word' id='word_1_141' title='bbox 234 1612 415 1678; x_wconf 82' lang='grc' dir='ltr'><strong><em>ἰσάκις</em></strong></span> <span class='ocrx_word' id='word_1_142' title='bbox 468 1610 856 1668; x_wconf 89' lang='grc' dir='ltr'><strong><em>πολλαπλάσια</em></strong></span> <span class='ocrx_word' id='word_1_143' title='bbox 908 1610 975 1666; x_wconf 77' lang='grc' dir='ltr'><strong><em>τὰ</em></strong></span> <span class='ocrx_word' id='word_1_144' title='bbox 1032 1615 1109 1681; x_wconf 92' lang='grc' dir='ltr'><strong><em>Λ,</em></strong></span> <span class='ocrx_word' id='word_1_145' title='bbox 1142 1613 1234 1680; x_wconf 90' lang='grc' dir='ltr'>Μ,</span> <span class='ocrx_word' id='word_1_146' title='bbox 1290 1612 1341 1665; x_wconf 83' lang='grc' dir='ltr'><strong><em>εἰ</em></strong></span> <span class='ocrx_word' id='word_1_147' title='bbox 1396 1609 1506 1681; x_wconf 74' lang='grc' dir='ltr'><strong><em>ἄρα</em></strong></span> <span class='ocrx_word' id='word_1_148' title='bbox 1561 1606 1810 1682; x_wconf 78' lang='grc' dir='ltr'><strong><em>ὑπερέχει</em></strong></span> <span class='ocrx_word' id='word_1_149' title='bbox 1863 1608 1927 1665; x_wconf 89' lang='grc' dir='ltr'><strong><em>τὸ</em></strong></span> 
     </span>
     <span class='ocr_line' id='line_1_18' title="bbox 232 1696 1927 1773; baseline -0.002 -16"><span class='ocrx_word' id='word_1_150' title='bbox 232 1706 298 1756; x_wconf 91' lang='grc' dir='ltr'><em>Η</em></span> <span class='ocrx_word' id='word_1_151' title='bbox 339 1705 441 1757; x_wconf 85' lang='grc' dir='ltr'><strong><em>τοῦ</em></strong></span> <span class='ocrx_word' id='word_1_152' title='bbox 489 1707 566 1772; x_wconf 92' lang='grc' dir='ltr'><strong><em>Λ,</em></strong></span> <span class='ocrx_word' id='word_1_153' title='bbox 620 1698 874 1773; x_wconf 80' lang='grc' dir='ltr'><strong><em>ὑπερέχει</em></strong></span> <span class='ocrx_word' id='word_1_154' title='bbox 918 1699 1011 1755; x_wconf 84' lang='grc' dir='ltr'><strong><em>καὶ</em></strong></span> <span class='ocrx_word' id='word_1_155' title='bbox 1060 1697 1122 1754; x_wconf 84' lang='grc' dir='ltr'><strong><em>τὸ</em></strong></span> <span class='ocrx_word' id='word_1_156' title='bbox 1170 1703 1217 1753; x_wconf 96' lang='grc' dir='ltr'>Θ</span> <span class='ocrx_word' id='word_1_157' title='bbox 1262 1700 1364 1754; x_wconf 84' lang='grc' dir='ltr'><strong><em>τοῦ</em></strong></span> <span class='ocrx_word' id='word_1_158' title='bbox 1416 1702 1505 1768; x_wconf 93' lang='grc' dir='ltr'>Μ,</span> <span class='ocrx_word' id='word_1_159' title='bbox 1562 1696 1654 1752; x_wconf 89' lang='grc' dir='ltr'><strong><em>καὶ</em></strong></span> <span class='ocrx_word' id='word_1_160' title='bbox 1701 1701 1751 1752; x_wconf 84' lang='grc' dir='ltr'><strong><em>εἰ</em></strong></span> <span class='ocrx_word' id='word_1_161' title='bbox 1801 1705 1927 1753; x_wconf 82' lang='grc' dir='ltr'><strong><em>ἴσον</em></strong></span> 
     </span>
     <span class='ocr_line' id='line_1_19' title="bbox 233 1784 1933 1861; baseline -0.002 -16"><span class='ocrx_word' id='word_1_162' title='bbox 233 1791 411 1861; x_wconf 83' lang='grc' dir='ltr'>ἐστίν,</span> <span class='ocrx_word' id='word_1_163' title='bbox 462 1797 615 1860; x_wconf 75' lang='grc' dir='ltr'>ἴσον,</span> <span class='ocrx_word' id='word_1_164' title='bbox 661 1789 754 1845; x_wconf 86' lang='grc' dir='ltr'><strong><em>καὶ</em></strong></span> <span class='ocrx_word' id='word_1_165' title='bbox 803 1791 854 1844; x_wconf 82' lang='grc' dir='ltr'><strong><em>εἰ</em></strong></span> <span class='ocrx_word' id='word_1_166' title='bbox 906 1790 1165 1857; x_wconf 84' lang='grc' dir='ltr'><strong><em>ἐλλείπει,</em></strong></span> <span class='ocrx_word' id='word_1_167' title='bbox 1222 1787 1471 1842; x_wconf 82' lang='grc' dir='ltr'><strong><em>ἐλλείπει.</em></strong></span> <span class='ocrx_word' id='word_1_168' title='bbox 1557 1784 1753 1855; x_wconf 88' lang='grc' dir='ltr'><strong><em>πάλιν,</em></strong></span> <span class='ocrx_word' id='word_1_169' title='bbox 1809 1787 1933 1841; x_wconf 81' lang='grc' dir='ltr'><strong><em>ἐπεί</em></strong></span> 
     </span>
     <span class='ocr_line' id='line_1_20' title="bbox 234 1871 1925 1950; baseline -0.005 -15"><span class='ocrx_word' id='word_1_170' title='bbox 234 1880 386 1935; x_wconf 80' lang='grc' dir='ltr'><strong><em>ἐστιν</em></strong></span> <span class='ocrx_word' id='word_1_171' title='bbox 432 1876 507 1945; x_wconf 78' lang='grc' dir='ltr'><strong><em>ὡς</em></strong></span> <span class='ocrx_word' id='word_1_172' title='bbox 554 1877 615 1934; x_wconf 86' lang='grc' dir='ltr'><strong><em>τὸ</em></strong></span> <span class='ocrx_word' id='word_1_173' title='bbox 664 1883 718 1934; x_wconf 92' lang='grc' dir='ltr'><em>Γ</em></span> <span class='ocrx_word' id='word_1_174' title='bbox 756 1877 898 1950; x_wconf 80' lang='grc' dir='ltr'><strong><em>πρὸς</em></strong></span> <span class='ocrx_word' id='word_1_175' title='bbox 943 1875 1005 1932; x_wconf 84' lang='grc' dir='ltr'><strong><em>τὸ</em></strong></span> <span class='ocrx_word' id='word_1_176' title='bbox 1046 1883 1126 1946; x_wconf 94' lang='lat' dir='ltr'><strong><em>A,</em></strong></span> <span class='ocrx_word' id='word_1_177' title='bbox 1175 1874 1353 1940; x_wconf 81' lang='grc' dir='ltr'><strong><em>οὕτως</em></strong></span> <span class='ocrx_word' id='word_1_178' title='bbox 1392 1871 1454 1929; x_wconf 86' lang='grc' dir='ltr'><strong><em>τὸ</em></strong></span> <span class='ocrx_word' id='word_1_179' title='bbox 1494 1879 1548 1928; x_wconf 90' lang='grc' dir='ltr'><em>Ε</em></span> <span class='ocrx_word' id='word_1_180' title='bbox 1582 1872 1719 1944; x_wconf 85' lang='grc' dir='ltr'><strong><em>πρὸς</em></strong></span> <span class='ocrx_word' id='word_1_181' title='bbox 1756 1873 1819 1929; x_wconf 89' lang='grc' dir='ltr'><strong><em>τὸ</em></strong></span> <span class='ocrx_word' id='word_1_182' title='bbox 1862 1880 1925 1944; x_wconf 94' lang='grc' dir='ltr'>Ζ,</span> 
     </span>
    </p>

    <p class='ocr_par' dir='ltr' id='par_1_10' title="bbox 150 1961 1928 2391">
     <span class='ocr_line' id='line_1_21' title="bbox 150 1961 1928 2039; baseline -0.005 -15"><span class='ocrx_word' id='word_1_183' title='bbox 150 1977 207 2018; x_wconf 82' lang='lat'><strong><em>20</em></strong></span> <span class='ocrx_word' id='word_1_184' title='bbox 242 1969 334 2024; x_wconf 82' lang='grc' dir='ltr'><strong><em>καὶ</em></strong></span> <span class='ocrx_word' id='word_1_185' title='bbox 375 1974 626 2039; x_wconf 77' lang='grc' dir='ltr'><strong><em>εἴληπται</em></strong></span> <span class='ocrx_word' id='word_1_186' title='bbox 664 1970 777 2023; x_wconf 76' lang='grc' dir='ltr'><strong><em>τῶν</em></strong></span> <span class='ocrx_word' id='word_1_187' title='bbox 817 1971 887 2036; x_wconf 94' lang='grc' dir='ltr'>Γ,</span> <span class='ocrx_word' id='word_1_188' title='bbox 914 1971 966 2020; x_wconf 90' lang='grc' dir='ltr'><em>Ε</em></span> <span class='ocrx_word' id='word_1_189' title='bbox 1003 1963 1183 2029; x_wconf 84' lang='grc' dir='ltr'><strong><em>ἰσάκις</em></strong></span> <span class='ocrx_word' id='word_1_190' title='bbox 1220 1961 1606 2019; x_wconf 87' lang='grc' dir='ltr'><strong><em>πολλαπλάσια</em></strong></span> <span class='ocrx_word' id='word_1_191' title='bbox 1651 1961 1717 2017; x_wconf 79' lang='grc' dir='ltr'><strong><em>τὰ</em></strong></span> <span class='ocrx_word' id='word_1_192' title='bbox 1759 1967 1822 2032; x_wconf 92' lang='grc' dir='ltr'><strong><em>Θ,</em></strong></span> <span class='ocrx_word' id='word_1_193' title='bbox 1855 1967 1928 2032; x_wconf 89' lang='lat' dir='ltr'><strong><em>K,</em></strong></span> 
     </span>
     <span class='ocr_line' id='line_1_22' title="bbox 231 2049 1928 2127; baseline -0.005 -15"><span class='ocrx_word' id='word_1_194' title='bbox 231 2059 344 2112; x_wconf 75' lang='grc' dir='ltr'><strong><em>τῶν</em></strong></span> <span class='ocrx_word' id='word_1_195' title='bbox 396 2056 457 2112; x_wconf 78' lang='grc' dir='ltr'><strong><em>δὲ</em></strong></span> <span class='ocrx_word' id='word_1_196' title='bbox 514 2063 593 2127; x_wconf 95' lang='lat' dir='ltr'><strong><em>A,</em></strong></span> <span class='ocrx_word' id='word_1_197' title='bbox 636 2062 681 2111; x_wconf 92' lang='lat' dir='ltr'><strong>Z</strong></span> <span class='ocrx_word' id='word_1_198' title='bbox 735 2054 900 2125; x_wconf 76' lang='grc' dir='ltr'><strong><em>ἄλλα,</em></strong></span> <span class='ocrx_word' id='word_1_199' title='bbox 954 2050 990 2108; x_wconf 75' lang='grc' dir='ltr'><em>ἃ</em></span> <span class='ocrx_word' id='word_1_200' title='bbox 1046 2057 1261 2124; x_wconf 81' lang='grc' dir='ltr'><strong><em>ἔτυχεν,</em></strong></span> <span class='ocrx_word' id='word_1_201' title='bbox 1318 2050 1498 2116; x_wconf 83' lang='grc' dir='ltr'><strong><em>ἰσάκις</em></strong></span> <span class='ocrx_word' id='word_1_202' title='bbox 1542 2049 1928 2106; x_wconf 87' lang='grc' dir='ltr'><strong><em>πολλαπλάσια</em></strong></span> 
     </span>
     <span class='ocr_line' id='line_1_23' title="bbox 231 2136 1927 2217; baseline -0.003 -18"><span class='ocrx_word' id='word_1_203' title='bbox 231 2144 296 2200; x_wconf 79' lang='grc' dir='ltr'><strong><em>τὰ</em></strong></span> <span class='ocrx_word' id='word_1_204' title='bbox 351 2152 443 2216; x_wconf 94' lang='grc' dir='ltr'>Μ,</span> <span class='ocrx_word' id='word_1_205' title='bbox 478 2152 561 2217; x_wconf 92' lang='grc' dir='ltr'>Ν,</span> <span class='ocrx_word' id='word_1_206' title='bbox 617 2149 668 2201; x_wconf 89' lang='grc' dir='ltr'><strong><em>εἰ</em></strong></span> <span class='ocrx_word' id='word_1_207' title='bbox 720 2143 829 2217; x_wconf 76' lang='grc' dir='ltr'><strong><em>ἄρα</em></strong></span> <span class='ocrx_word' id='word_1_208' title='bbox 883 2141 1137 2215; x_wconf 81' lang='grc' dir='ltr'><strong><em>ὑπερέχει</em></strong></span> <span class='ocrx_word' id='word_1_209' title='bbox 1190 2140 1252 2197; x_wconf 87' lang='grc' dir='ltr'><strong><em>τὸ</em></strong></span> <span class='ocrx_word' id='word_1_210' title='bbox 1301 2145 1348 2196; x_wconf 93' lang='grc' dir='ltr'>Θ</span> <span class='ocrx_word' id='word_1_211' title='bbox 1393 2143 1495 2195; x_wconf 83' lang='grc' dir='ltr'><strong><em>τοῦ</em></strong></span> <span class='ocrx_word' id='word_1_212' title='bbox 1536 2144 1626 2210; x_wconf 94' lang='grc' dir='ltr'>Μ,</span> <span class='ocrx_word' id='word_1_213' title='bbox 1674 2136 1927 2211; x_wconf 82' lang='grc' dir='ltr'><strong><em>ὑπερέχει</em></strong></span> 
     </span>
     <span class='ocr_line' id='line_1_24' title="bbox 230 2227 1925 2303; baseline -0.005 -13"><span class='ocrx_word' id='word_1_214' title='bbox 230 2235 322 2290; x_wconf 88' lang='grc' dir='ltr'><strong><em>καὶ</em></strong></span> <span class='ocrx_word' id='word_1_215' title='bbox 361 2235 422 2291; x_wconf 85' lang='grc' dir='ltr'><strong><em>τὸ</em></strong></span> <span class='ocrx_word' id='word_1_216' title='bbox 471 2240 528 2290; x_wconf 88' lang='grc' dir='ltr'><strong><em>Κ</em></strong></span> <span class='ocrx_word' id='word_1_217' title='bbox 556 2237 658 2290; x_wconf 85' lang='grc' dir='ltr'><strong><em>τοῦ</em></strong></span> <span class='ocrx_word' id='word_1_218' title='bbox 691 2239 772 2303; x_wconf 92' lang='grc' dir='ltr'>Ν,</span> <span class='ocrx_word' id='word_1_219' title='bbox 819 2232 912 2288; x_wconf 85' lang='grc' dir='ltr'><strong><em>καὶ</em></strong></span> <span class='ocrx_word' id='word_1_220' title='bbox 959 2235 1010 2286; x_wconf 83' lang='grc' dir='ltr'><strong><em>εἰ</em></strong></span> <span class='ocrx_word' id='word_1_221' title='bbox 1047 2237 1198 2300; x_wconf 80' lang='grc' dir='ltr'>ἴσον,</span> <span class='ocrx_word' id='word_1_222' title='bbox 1251 2236 1404 2299; x_wconf 80' lang='grc' dir='ltr'>ἴσον,</span> <span class='ocrx_word' id='word_1_223' title='bbox 1450 2227 1542 2283; x_wconf 86' lang='grc' dir='ltr'><strong><em>καὶ</em></strong></span> <span class='ocrx_word' id='word_1_224' title='bbox 1582 2230 1633 2283; x_wconf 84' lang='grc' dir='ltr'><strong><em>εἰ</em></strong></span> <span class='ocrx_word' id='word_1_225' title='bbox 1678 2231 1925 2298; x_wconf 80' lang='grc' dir='ltr'><strong><em>ἔλαττον,</em></strong></span> 
     </span>
     <span class='ocr_line' id='line_1_25' title="bbox 232 2313 1926 2391; baseline -0.004 -13"><span class='ocrx_word' id='word_1_226' title='bbox 232 2327 477 2379; x_wconf 78' lang='grc' dir='ltr'><strong><em>ἔλαττον.</em></strong></span> <span class='ocrx_word' id='word_1_227' title='bbox 561 2320 701 2377; x_wconf 79' lang='grc' dir='ltr'><strong><em>ἀλλὰ</em></strong></span> <span class='ocrx_word' id='word_1_228' title='bbox 756 2323 808 2377; x_wconf 85' lang='grc' dir='ltr'><strong><em>εἰ</em></strong></span> <span class='ocrx_word' id='word_1_229' title='bbox 863 2317 1116 2391; x_wconf 79' lang='grc' dir='ltr'><strong><em>ὑπερεῖχε</em></strong></span> <span class='ocrx_word' id='word_1_230' title='bbox 1165 2316 1227 2374; x_wconf 84' lang='grc' dir='ltr'><strong><em>τὸ</em></strong></span> <span class='ocrx_word' id='word_1_231' title='bbox 1279 2322 1327 2372; x_wconf 94' lang='grc' dir='ltr'>Θ</span> <span class='ocrx_word' id='word_1_232' title='bbox 1379 2319 1479 2371; x_wconf 84' lang='grc' dir='ltr'><strong><em>τοῦ</em></strong></span> <span class='ocrx_word' id='word_1_233' title='bbox 1532 2321 1623 2387; x_wconf 92' lang='grc' dir='ltr'>Μ,</span> <span class='ocrx_word' id='word_1_234' title='bbox 1672 2313 1926 2388; x_wconf 79' lang='grc' dir='ltr'><strong><em>ὑπερεῖχε</em></strong></span> 
     </span>
    </p>

    <p class='ocr_par' dir='ltr' id='par_1_11' title="bbox 141 2404 1925 2480">
     <span class='ocr_line' id='line_1_26' title="bbox 141 2404 1925 2480; baseline -0.004 -13"><span class='ocrx_word' id='word_1_235' title='bbox 141 2417 197 2460; x_wconf 78' lang='lat'><strong><em>25</em></strong></span> <span class='ocrx_word' id='word_1_236' title='bbox 231 2411 323 2467; x_wconf 88' lang='grc' dir='ltr'><strong><em>καὶ</em></strong></span> <span class='ocrx_word' id='word_1_237' title='bbox 370 2410 431 2467; x_wconf 84' lang='grc' dir='ltr'><strong><em>τὸ</em></strong></span> <span class='ocrx_word' id='word_1_238' title='bbox 473 2415 539 2465; x_wconf 92' lang='grc' dir='ltr'><strong><em>Η</em></strong></span> <span class='ocrx_word' id='word_1_239' title='bbox 568 2412 671 2466; x_wconf 83' lang='grc' dir='ltr'><strong><em>τοῦ</em></strong></span> <span class='ocrx_word' id='word_1_240' title='bbox 710 2415 787 2480; x_wconf 93' lang='grc' dir='ltr'>Λ,</span> <span class='ocrx_word' id='word_1_241' title='bbox 834 2409 926 2464; x_wconf 86' lang='grc' dir='ltr'><strong><em>καὶ</em></strong></span> <span class='ocrx_word' id='word_1_242' title='bbox 967 2411 1018 2463; x_wconf 84' lang='grc' dir='ltr'><strong><em>εἰ</em></strong></span> <span class='ocrx_word' id='word_1_243' title='bbox 1055 2413 1207 2479; x_wconf 80' lang='grc' dir='ltr'>ἴσον,</span> <span class='ocrx_word' id='word_1_244' title='bbox 1256 2413 1406 2476; x_wconf 81' lang='grc' dir='ltr'>ἴσον,</span> <span class='ocrx_word' id='word_1_245' title='bbox 1456 2404 1549 2459; x_wconf 86' lang='grc' dir='ltr'><strong><em>καὶ</em></strong></span> <span class='ocrx_word' id='word_1_246' title='bbox 1589 2406 1640 2459; x_wconf 80' lang='grc' dir='ltr'><strong><em>εἰ</em></strong></span> <span class='ocrx_word' id='word_1_247' title='bbox 1677 2407 1925 2474; x_wconf 81' lang='grc' dir='ltr'><strong><em>ἔλαττον,</em></strong></span> 
     </span>
    </p>
   </div>
   <div class='ocr_carea' id='block_1_4' title="bbox 230 2519 587 2526">
    <p class='ocr_par' dir='ltr' id='par_1_12' title="bbox 230 2519 587 2526">
     <span class='ocr_line' id='line_1_27' title="bbox 230 2519 587 2526; baseline 0 0"><span class='ocrx_word' id='word_1_248' title='bbox 230 2519 587 2526; x_wconf 95' lang='lat' dir='ltr'><strong><em> </em></strong></span> 
     </span>
    </p>
   </div>
   <div class='ocr_carea' id='block_1_5' title="bbox 232 2550 1927 2914">
    <p class='ocr_par' dir='ltr' id='par_1_13' title="bbox 355 2550 1923 2614">
     <span class='ocr_line' id='line_1_28' title="bbox 355 2550 1923 2614; baseline -0.006 -10"><span class='ocrx_word' id='word_1_249' title='bbox 355 2566 392 2606; x_wconf 94' lang='grc'><strong><em>1.</em></strong></span> <span class='ocrx_word' id='word_1_250' title='bbox 428 2555 552 2604; x_wconf 77' lang='grc' dir='ltr'><strong><em>ἐστιν</em></strong></span> <span class='ocrx_word' id='word_1_251' title='bbox 606 2558 668 2614; x_wconf 93' lang='grc' dir='ltr'><strong><em>Β,</em></strong></span> <span class='ocrx_word' id='word_1_252' title='bbox 708 2571 812 2603; x_wconf 82' lang='lat' dir='ltr'><strong><em>com</em></strong></span> <span class='ocrx_word' id='word_1_253' title='bbox 850 2591 858 2600; x_wconf 92' lang='lat'><strong>.</strong></span> <span class='ocrx_word' id='word_1_254' title='bbox 891 2571 945 2613; x_wconf 79' lang='lat' dir='ltr'><strong><em>p3</em></strong></span> <span class='ocrx_word' id='word_1_255' title='bbox 990 2552 1086 2600; x_wconf 82' lang='grc' dir='ltr'><strong><em>ἐστι</em></strong></span> <span class='ocrx_word' id='word_1_256' title='bbox 1125 2553 1271 2599; x_wconf 79' lang='lat' dir='ltr'>PFV.</span> <span class='ocrx_word' id='word_1_257' title='bbox 1424 2558 1465 2598; x_wconf 92' lang='grc'><strong><em>2.</em></strong></span> <span class='ocrx_word' id='word_1_258' title='bbox 1508 2550 1703 2597; x_wconf 74' lang='grc' dir='ltr'><strong><em>ἔλασσον</em></strong></span> <span class='ocrx_word' id='word_1_259' title='bbox 1735 2550 1923 2608; x_wconf 86' lang='lat' dir='ltr'><strong>PBVp.</strong></span> 
     </span>
    </p>

    <p class='ocr_par' dir='ltr' id='par_1_14' title="bbox 232 2609 1927 2914">
     <span class='ocr_line' id='line_1_29' title="bbox 292 2609 1926 2679; baseline -0.005 -15"><span class='ocrx_word' id='word_1_260' title='bbox 292 2626 334 2664; x_wconf 89' lang='grc'><strong><em>4.</em></strong></span> <span class='ocrx_word' id='word_1_261' title='bbox 367 2615 512 2679; x_wconf 75' lang='grc' dir='ltr'><strong><em>λόγῳ]</em></strong></span> <span class='ocrx_word' id='word_1_262' title='bbox 635 2633 695 2663; x_wconf 85' lang='grc'><strong><em>111.</em></strong></span> <span class='ocrx_word' id='word_1_263' title='bbox 729 2622 778 2672; x_wconf 90' lang='grc'>1,</span> <span class='ocrx_word' id='word_1_264' title='bbox 856 2652 866 2673; x_wconf 91' lang='grc'><strong><em>,</em></strong></span> <span class='ocrx_word' id='word_1_265' title='bbox 899 2615 1012 2660; x_wconf 89' lang='lat' dir='ltr'><strong><em>Vm.</em></strong></span> <span class='ocrx_word' id='word_1_266' title='bbox 1050 2621 1095 2670; x_wconf 77' lang='lat'><strong><em>13</em></strong></span> <span class='ocrx_word' id='word_1_267' title='bbox 1128 2611 1257 2671; x_wconf 76' lang='grc' dir='ltr'><strong><em>λόγοι</em></strong></span> <span class='ocrx_word' id='word_1_268' title='bbox 1287 2614 1386 2670; x_wconf 89' lang='lat' dir='ltr'><strong><em>Bp,</em></strong></span> <span class='ocrx_word' id='word_1_269' title='bbox 1418 2613 1524 2657; x_wconf 90' lang='lat' dir='ltr'><strong><em>Pm.</em></strong></span> <span class='ocrx_word' id='word_1_270' title='bbox 1559 2616 1608 2664; x_wconf 83' lang='lat'><strong><em>2,</em></strong></span> <span class='ocrx_word' id='word_1_271' title='bbox 1649 2627 1707 2669; x_wconf 87' lang='grc' dir='ltr'>φ,</span> <span class='ocrx_word' id='word_1_272' title='bbox 1738 2609 1850 2654; x_wconf 88' lang='lat' dir='ltr'><strong><em>Vm.</em></strong></span> <span class='ocrx_word' id='word_1_273' title='bbox 1883 2615 1926 2656; x_wconf 92' lang='grc'><strong><em>2.</em></strong></span> 
     </span>
     <span class='ocr_line' id='line_1_30' title="bbox 293 2668 1922 2734; baseline -0.007 -10"><span class='ocrx_word' id='word_1_274' title='bbox 293 2685 332 2724; x_wconf 84' lang='lat'><strong><em>6.</em></strong></span> <span class='ocrx_word' id='word_1_275' title='bbox 367 2673 488 2724; x_wconf 71' lang='grc' dir='ltr'><strong><em>οὕτω</em></strong></span> <span class='ocrx_word' id='word_1_276' title='bbox 521 2677 569 2723; x_wconf 88' lang='grc' dir='ltr'><strong><em>Ρ.</em></strong></span> <span class='ocrx_word' id='word_1_277' title='bbox 695 2681 764 2721; x_wconf 87' lang='grc'><strong><em>11.</em></strong></span> <span class='ocrx_word' id='word_1_278' title='bbox 798 2681 861 2731; x_wconf 81' lang='grc' dir='ltr'>Δ,</span> <span class='ocrx_word' id='word_1_279' title='bbox 889 2675 943 2734; x_wconf 87' lang='grc' dir='ltr'><strong><em>Ζ]</em></strong></span> <span class='ocrx_word' id='word_1_280' title='bbox 975 2677 1030 2731; x_wconf 84' lang='grc' dir='ltr'><strong><em>Ζ,</em></strong></span> <span class='ocrx_word' id='word_1_281' title='bbox 1055 2679 1098 2718; x_wconf 84' lang='grc' dir='ltr'><em>Δ</em></span> <span class='ocrx_word' id='word_1_282' title='bbox 1127 2673 1178 2717; x_wconf 84' lang='lat' dir='ltr'><strong><em>F.</em></strong></span> <span class='ocrx_word' id='word_1_283' title='bbox 1300 2668 1354 2731; x_wconf 79' lang='grc' dir='ltr'><strong><em>ἅ]</em></strong></span> <span class='ocrx_word' id='word_1_284' title='bbox 1380 2685 1539 2716; x_wconf 83' lang='lat' dir='ltr'>ecorr.</span> <span class='ocrx_word' id='word_1_285' title='bbox 1563 2671 1615 2716; x_wconf 85' lang='lat' dir='ltr'><strong><em>F.</em></strong></span> <span class='ocrx_word' id='word_1_286' title='bbox 1740 2674 1808 2715; x_wconf 83' lang='lat'><strong><em>12.</em></strong></span> <span class='ocrx_word' id='word_1_287' title='bbox 1840 2668 1922 2727; x_wconf 77' lang='grc' dir='ltr'><strong><em>τα]</em></strong></span> 
     </span>
     <span class='ocr_line' id='line_1_31' title="bbox 232 2727 1927 2793; baseline -0.006 -11"><span class='ocrx_word' id='word_1_288' title='bbox 232 2734 290 2782; x_wconf 78' lang='grc' dir='ltr'><strong><em>τὰ</em></strong></span> <span class='ocrx_word' id='word_1_289' title='bbox 326 2741 390 2792; x_wconf 91' lang='grc' dir='ltr'><strong><em>Η,</em></strong></span> <span class='ocrx_word' id='word_1_290' title='bbox 420 2739 481 2793; x_wconf 88' lang='grc' dir='ltr'><strong><em>Θ,</em></strong></span> <span class='ocrx_word' id='word_1_291' title='bbox 517 2741 562 2782; x_wconf 86' lang='lat' dir='ltr'><em>K</em></span> <span class='ocrx_word' id='word_1_292' title='bbox 590 2732 648 2781; x_wconf 85' lang='grc' dir='ltr'><strong><em>τά</em></strong></span> <span class='ocrx_word' id='word_1_293' title='bbox 673 2735 732 2791; x_wconf 88' lang='grc' dir='ltr'><strong><em>Ρ,</em></strong></span> <span class='ocrx_word' id='word_1_294' title='bbox 765 2749 880 2780; x_wconf 79' lang='lat' dir='ltr'>corr.</span> <span class='ocrx_word' id='word_1_295' title='bbox 911 2749 972 2781; x_wconf 87' lang='lat' dir='ltr'><strong><em>m.</em></strong></span> <span class='ocrx_word' id='word_1_296' title='bbox 1010 2740 1046 2779; x_wconf 93' lang='lat'><strong><em>1.</em></strong></span> <span class='ocrx_word' id='word_1_297' title='bbox 1173 2737 1242 2778; x_wconf 87' lang='lat'><strong><em>14.</em></strong></span> <span class='ocrx_word' id='word_1_298' title='bbox 1274 2730 1383 2790; x_wconf 82' lang='grc' dir='ltr'>μέν]</span> <span class='ocrx_word' id='word_1_299' title='bbox 1415 2745 1476 2774; x_wconf 89' lang='lat' dir='ltr'><strong><em>m.</em></strong></span> <span class='ocrx_word' id='word_1_300' title='bbox 1509 2729 1652 2774; x_wconf 83' lang='lat' dir='ltr'><strong>2FV.</strong></span> <span class='ocrx_word' id='word_1_301' title='bbox 1747 2728 1842 2786; x_wconf 87' lang='grc' dir='ltr'><strong><em>.Γ]</em></strong></span> <span class='ocrx_word' id='word_1_302' title='bbox 1866 2727 1927 2771; x_wconf 80' lang='lat' dir='ltr'><strong><em>’in</em></strong></span> 
     </span>
     <span class='ocr_line' id='line_1_32' title="bbox 233 2788 1924 2853; baseline -0.007 -13"><span class='ocrx_word' id='word_1_303' title='bbox 233 2811 322 2841; x_wconf 78' lang='lat' dir='ltr'><strong><em>ras,</em></strong></span> <span class='ocrx_word' id='word_1_304' title='bbox 355 2812 417 2841; x_wconf 89' lang='grc'><strong><em>111.</em></strong></span> <span class='ocrx_word' id='word_1_305' title='bbox 451 2802 477 2841; x_wconf 86' lang='grc'><strong>2</strong></span> <span class='ocrx_word' id='word_1_306' title='bbox 502 2796 553 2841; x_wconf 92' lang='grc' dir='ltr'><strong><em>Ρ.</em></strong></span> <span class='ocrx_word' id='word_1_307' title='bbox 679 2799 749 2842; x_wconf 87' lang='lat'><strong><em>15.</em></strong></span> <span class='ocrx_word' id='word_1_308' title='bbox 782 2794 851 2853; x_wconf 83' lang='lat' dir='ltr'><strong><em>H]</em></strong></span> <span class='ocrx_word' id='word_1_309' title='bbox 884 2793 934 2838; x_wconf 87' lang='lat' dir='ltr'><strong><em>in</em></strong></span> <span class='ocrx_word' id='word_1_310' title='bbox 964 2807 1053 2838; x_wconf 80' lang='lat' dir='ltr'><strong><em>ras,</em></strong></span> <span class='ocrx_word' id='word_1_311' title='bbox 1085 2807 1147 2837; x_wconf 88' lang='lat' dir='ltr'><strong><em>m.</em></strong></span> <span class='ocrx_word' id='word_1_312' title='bbox 1175 2797 1198 2836; x_wconf 95' lang='lat'><strong>1</strong></span> <span class='ocrx_word' id='word_1_313' title='bbox 1224 2807 1270 2849; x_wconf 87' lang='lat' dir='ltr'><strong><em>p.</em></strong></span> <span class='ocrx_word' id='word_1_314' title='bbox 1394 2788 1469 2848; x_wconf 81' lang='grc' dir='ltr'><strong><em>δέ]</em></strong></span> <span class='ocrx_word' id='word_1_315' title='bbox 1497 2803 1586 2834; x_wconf 83' lang='grc'>0111.</span> <span class='ocrx_word' id='word_1_316' title='bbox 1613 2804 1663 2844; x_wconf 83' lang='grc' dir='ltr'><strong><em>φ.</em></strong></span> <span class='ocrx_word' id='word_1_317' title='bbox 1784 2790 1836 2842; x_wconf 89' lang='grc' dir='ltr'><strong><em>Β,</em></strong></span> <span class='ocrx_word' id='word_1_318' title='bbox 1860 2788 1924 2843; x_wconf 87' lang='lat' dir='ltr'><strong><em>A]</em></strong></span> 
     </span>
     <span class='ocr_line' id='line_1_33' title="bbox 235 2841 1922 2914; baseline -0.007 -13"><span class='ocrx_word' id='word_1_319' title='bbox 235 2860 294 2914; x_wconf 90' lang='grc' dir='ltr'><strong><em>Η,</em></strong></span> <span class='ocrx_word' id='word_1_320' title='bbox 320 2861 363 2900; x_wconf 91' lang='lat' dir='ltr'><em>A</em></span> <span class='ocrx_word' id='word_1_321' title='bbox 388 2873 423 2913; x_wconf 87' lang='grc' dir='ltr'><strong><em>φ</em></strong></span> <span class='ocrx_word' id='word_1_322' title='bbox 456 2857 566 2913; x_wconf 86' lang='grc'>(11011</span> <span class='ocrx_word' id='word_1_323' title='bbox 590 2855 661 2913; x_wconf 83' lang='lat' dir='ltr'><strong><em>F).</em></strong></span> <span class='ocrx_word' id='word_1_324' title='bbox 785 2851 902 2898; x_wconf 81' lang='grc' dir='ltr'><strong><em>ἄλλα</em></strong></span> <span class='ocrx_word' id='word_1_325' title='bbox 934 2849 1087 2903; x_wconf 82' lang='grc' dir='ltr'><strong><em>ἰσάκις</em></strong></span> <span class='ocrx_word' id='word_1_326' title='bbox 1116 2846 1440 2896; x_wconf 83' lang='grc' dir='ltr'><strong><em>πολλαπλάσια</em></strong></span> <span class='ocrx_word' id='word_1_327' title='bbox 1475 2843 1506 2893; x_wconf 79' lang='grc' dir='ltr'>ἃ</span> <span class='ocrx_word' id='word_1_328' title='bbox 1534 2846 1667 2904; x_wconf 76' lang='grc' dir='ltr'><strong><em>ἔτυχε</em></strong></span> <span class='ocrx_word' id='word_1_329' title='bbox 1691 2845 1747 2891; x_wconf 86' lang='lat' dir='ltr'><strong><em>V.</em></strong></span> <span class='ocrx_word' id='word_1_330' title='bbox 1870 2841 1922 2903; x_wconf 80' lang='grc' dir='ltr'><strong><em>ἅ]</em></strong></span> 
     </span>
    </p>
   </div>
  </div>
 </body>
</html>
