1988 3152
210 150 318 202 124
837 147 1171 191 ΣΤοῙΧΕΙΩΝ
1203 141 1272 190 ς’.

209 267 307 325 ἐὰν
356 268 419 324 δὲ’
464 267 525 323 τὸ
578 265 689 323 ὑπὸ
736 270 849 322 τῶν
898 263 1088 339 ἄκρων
1137 271 1263 321 ἴσον
1301 258 1337 338 ᾖ
1377 265 1452 338 τῷ
1491 261 1600 318 ὑπὸ
1648 265 1762 316 τῶν
1810 262 1897 333 με’-
1980 275 1988 303 ῖ

209 372 351 427 σων,
392 358 453 411 αἱ
487 356 748 432 τέσσαρες
786 352 1005 410 εὐθεῖαι
1044 352 1329 424 ἀνάλογόν
1368 356 1525 408 εἰσιν.
1589 354 1740 406 ἔστιν
1790 348 1900 423 ἄρα

210 443 284 511 ὡς
330 442 363 516 ἡ
406 452 459 499 Α
496 441 635 518 πρὸς
679 442 784 515 τὴν
823 449 889 514 Β,
938 441 1115 508 οὕτως
1163 440 1195 514 ἡ
1238 450 1294 497 Α
1340 439 1479 515 πρὸς
1523 440 1627 511 τὴν
1676 444 1735 494 Γ,
1807 445 1898 510 ἴση

211 534 272 589 δὲ
310 531 344 604 ἡ
386 540 432 588 Β
472 536 538 606 τῇ
581 539 656 588 Δ·
697 529 772 597 ὡς
810 530 920 605 ἄρα
958 529 992 603 ἡ
1033 539 1087 586 A
1126 529 1265 602 πρὸς
1303 528 1406 602 τὴν
1447 536 1521 599 Β,
1562 527 1739 594 οὕτως
1777 525 1810 599 ἡ
1852 533 1900 583 Β

151 639 177 679 5
210 620 348 694 πρὸς
389 619 492 692 τὴν
531 625 592 677 Γ.

316 707 448 765 Ἐὰν
503 707 614 781 ἄρα
660 719 806 780 τρεῖς
852 707 1071 763 εὐθεῖαι
1124 706 1409 778 ἀνάλογον
1457 700 1623 777 ὦσιν,
1677 704 1740 761 τὸ
1789 703 1898 761 ὑπὸ

208 802 321 854 τῶν
377 797 566 871 ἄκρων
620 796 1017 871 περιεχόμενον
1073 794 1430 870 ὀρθογώνιον
1488 802 1614 851 ἴσον
1671 795 1786 851 ἐστὶ
1825 797 1901 871 τῷ

210 886 320 942 ἀπὸ
368 890 466 958 τῆς
511 886 679 957 μέσης
723 884 1077 960 τετραγώνῳ·
1130 881 1238 940 κᾶν
1284 883 1347 940 τὸ
1394 881 1503 939 ὑπὸ
1552 886 1665 939 τῶν
1714 882 1902 957 ἄκρων

210 975 607 1049 περιεχόμενον
655 971 1013 1047 ὀρθογώνιον
1062 980 1188 1029 ἴσον
1235 966 1270 1046 ᾗ
1318 976 1394 1049 τῷ
1442 971 1550 1028 ἀπὸ
1591 976 1688 1044 τῆς
1735 973 1905 1045 μέσης

124 1081 178 1120 10
210 1063 570 1139 τετραγώνῳ,
610 1065 672 1119 αἱ
706 1073 853 1134 τρεῖς
891 1061 1111 1118 εὐθεῖαι
1150 1060 1437 1132 ἀνάλογον
1476 1065 1717 1117 ἔσονται·
1768 1062 1903 1133 ὅπερ

213 1155 326 1208 ἔδει
367 1153 556 1219 δεῖξαι.

1012 1253 1107 1325 ιη’.

318 1356 464 1415 Ἀπὸ
540 1362 653 1430 τῆς
730 1362 1051 1429 δοθείσης
1129 1355 1398 1423 εὐθείας
1466 1361 1550 1433 τῷ
1631 1359 1906 1414 δοθέντι
1986 1379 1988 1381 ’

212 1445 665 1523 εὐθυγράμμῳ
723 1446 959 1519 ὅμοιόν
1012 1467 1077 1502 τε
1130 1446 1237 1501 καὶ
1294 1443 1537 1517 ὁμοίως
1597 1450 1906 1517 κείμενον

125 1551 180 1593 15
213 1535 701 1610 εὐθύγραμμον
742 1533 1141 1608 ἀναγράψαι.

309 1623 491 1681 ’Έστω
532 1622 566 1697 ἡ
607 1624 710 1697 μὲν
750 1628 987 1680 δοθεῖσα
1028 1621 1224 1679 εὐθεῖα
1263 1621 1298 1695 ἡ
1339 1629 1474 1691 ΑΒ,
1520 1621 1584 1679 τὸ
1625 1622 1687 1679 δὲ
1728 1624 1907 1680 δοθὲν

214 1713 620 1786 εὐθύγραμμον
674 1712 738 1770 τὸ
788 1719 913 1769 ΓΕ·
970 1716 1059 1768 δεῖ
1103 1711 1172 1784 δὴ
1220 1710 1329 1768 άπὸ
1377 1716 1476 1783 τῆς
1522 1717 1630 1768 ΑΒ
1683 1711 1910 1779 εὐθείας

212 1806 288 1879 τῷ
328 1808 440 1859 ΓΕ
476 1800 859 1877 εὐθυγράμμῳ
909 1799 1109 1872 ὅμοιόν
1155 1821 1213 1856 τε
1259 1801 1352 1856 καὶ
1399 1797 1606 1871 ὁμοίως
1650 1806 1908 1872 κείμενον

215 1890 621 1964 εὐθύγραμμον
661 1887 999 1963 ἀναγράψαι.

126 2001 183 2041 20
323 1979 668 2052 Ἐπεζεύχθω
719 1977 754 2050 ἡ
806 1985 941 2048 ΔΖ,
995 1979 1088 2033 καὶ
1136 1977 1452 2035 συνεστάτω
1502 1975 1641 2050 πρὸς
1686 1981 1751 2050 τῇ
1799 1985 1908 2034 ΑΒ

215 2068 413 2144 εὐθείᾳ
466 2069 558 2125 καὶ
612 2079 731 2133 τοῖς
783 2067 924 2140 πρὸς
975 2065 1115 2140 αὐτῇ
1168 2071 1415 2138 σημείοις
1475 2077 1592 2131 τοῖς
1639 2074 1716 2137 Α,
1743 2073 1788 2123 Β
1844 2070 1910 2140 τῇ

216 2158 318 2231 μὲν
366 2155 506 2230 πρὸς
561 2160 637 2230 τῷ
670 2161 723 2211 Γ
752 2160 932 2230 γωνίᾳ
979 2162 1071 2227 ἴση
1112 2152 1146 2227 ἡ
1186 2152 1296 2211 ὑπὸ
1335 2160 1538 2224 ΗΑΒ,
1589 2158 1654 2227 τῇ
1696 2155 1758 2212 δὲ
1796 2154 1908 2213 ὑπὸ

215 2253 383 2304 ΓΔΖ
425 2254 516 2317 ἴση
557 2245 590 2318 ἡ
632 2244 743 2302 ὑπὸ
784 2252 973 2301 ΑΒΗ.
1050 2243 1216 2316 λοιπὴ
1257 2243 1366 2317 ἄρα
1405 2242 1439 2315 ἡ
1487 2242 1596 2300 ὑπὸ
1638 2249 1806 2300 ΓΖΛ
1842 2248 1910 2317 τῇ

215 2334 326 2392 ὑπὸ
374 2341 551 2391 ΑΗΒ
600 2336 750 2390 ἐστιν
800 2342 912 2405 ἴση·
970 2332 1272 2404 ἰσογώνιον
1321 2330 1430 2406 ἄρα
1478 2333 1592 2389 ἐστὶ
1640 2332 1702 2390 τὸ
1745 2339 1911 2390 ΖΓΛ

129 2443 187 2483 25
218 2430 499 2497 τρίγωνον
552 2427 628 2499 τῷ
683 2429 859 2478 ΗΑΒ
913 2421 1182 2497 τριγώνῳ.
1267 2419 1554 2493 ἀνάλογον
1603 2421 1711 2494 ἄρα
1759 2423 1910 2479 ἐστὶν
1975 2470 1983 2481 ,

217 2510 291 2579 ὡς
329 2510 363 2584 ἡ
407 2518 518 2567 ΖΔ
558 2510 696 2584 πρὸς
734 2509 837 2582 τὴν
869 2516 1003 2581 ΗΒ,
1044 2510 1223 2576 οὕτως
1254 2507 1288 2582 ἡ
1322 2515 1430 2566 ΖΓ
1460 2509 1602 2583 πρὸς
1639 2509 1743 2581 τὴν
1772 2517 1910 2582 ΗΑ,

215 2601 307 2656 καὶ
360 2598 393 2671 ἡ
450 2604 564 2655 ΓΔ
622 2598 760 2670 πρὸς
821 2600 925 2670 τὴν
971 2604 1094 2655 ΑΒ.
1179 2598 1347 2654 πάλιν
1403 2598 1718 2655 συνεστάτω
1773 2598 1912 2671 πρὸς

215 2691 280 2761 τῇ
334 2693 456 2742 ΒΗ
497 2685 694 2761 εὐθείᾳ
744 2688 838 2742 καὶ
876 2698 993 2753 τοῖς
1030 2686 1170 2759 πρὸς
1209 2684 1348 2759 αὐτῇ
1396 2693 1644 2759 σημείοις
1688 2699 1804 2754 τοῖς
1843 2694 1910 2759 Β,

338 2873 378 2911 6.
414 2858 726 2936 ώσιρΡΙΠζΡ.
867 2869 906 2910 7.
942 2860 1067 2908 ἐστίν
1099 2865 1148 2908 Ρ.
1286 2868 1327 2907 8.
1361 2860 1452 2908 κᾶν
1484 2891 1541 2899 -
1576 2872 1651 2912 1οε
1701 2865 1908 2925 ἔσονται]

218 2940 308 2971 om.
358 2941 405 2982 p.
468 2929 526 2983 ,ἱ
559 2929 597 2968 9.
640 2925 698 2981 ῃ]
742 2919 844 2967 ἐστι’
878 2938 1026 2980 comp.
1060 2924 1117 2980 F,
1159 2937 1299 2981 supra
1332 2937 1416 2968 ser.
1450 2917 1492 2982 ᾗ.
1617 2930 1684 2970 18.
1718 2922 1910 2984 ὁμοίως]
