1988 3152
276 134 381 186 108
899 134 1236 178 mommsen
1268 131 1336 179 ς’.

370 250 661 307 ’Έστωσαν
712 254 774 306 αἱ
822 254 1079 306 δοθεῖσαι
1130 251 1258 320 [δύο
1300 249 1544 321 εὐθεῖαι]
1587 253 1649 306 αἱ
1684 257 1820 320 BA,
1855 257 1970 307 ΛΓ

271 341 365 395 καὶ
403 345 725 395 κείσθωσαν
763 344 978 410 γωνίαν
1016 342 1370 414 περιέχουσαι
1407 343 1708 412 τυχοῦσαν.
1766 342 1855 395 δεῖ
1891 338 1960 410 δὴ

272 432 386 484 τῶν
403 435 451 483 Β
462 436 531 498 A,
550 436 603 484 A
611 433 665 483 Γ
671 433 865 502 τρίτην
883 427 1169 500 ἀνάλογον
1187 441 1537 511 προσευρεῖν.
1578 428 1962 500 ἐκβεβλτῖσθω-

274 531 380 571 σαν
434 514 541 589 γὰρ
597 516 684 571 ἐπὶ
741 515 807 571 τὰ
857 523 936 588 A,
962 523 1014 572 Ε
1058 529 1284 589 σημεῖα,
1336 517 1429 572 καὶ
1479 522 1689 572 κείσθω
1745 520 1811 590 τῇ
1859 522 1972 572 ΛΓ

216 614 242 653 5
275 610 365 675 ἴση
421 601 456 675 ἡ
503 610 642 674 BA,
697 605 790 659 καὶ
846 605 1156 677 ἐπεζεύχθω
1214 603 1248 676 ἡ
1297 610 1426 677 ΒΓ,
1482 605 1575 660 καὶ
1624 604 1717 660 διὰ
1763 608 1865 661 τοῦ
1911 612 1967 659 A

271 691 626 763 παράλληλος
654 689 805 765 αὐτῇ
844 692 1004 765 ἤχθω
1044 691 1078 765 ἡ
1123 700 1250 751 ΔΕ.

380 777 529 836 Ἐπεὶ
583 773 690 837 οὗν
743 781 1024 854 τριγώνου
1074 785 1176 837 τοῦ
1224 788 1404 837 ΑΔΕ
1448 780 1598 854 παρὰ
1662 785 1797 853 μίαν
1852 785 1966 837 τῶν

272 871 531 941 πλευρῶν
576 867 679 939 τὴν
728 875 846 924 ΔΕ
888 863 1050 940 ἦκται
1095 867 1130 940 ἡ
1178 875 1308 940 ΒΓ,
1364 868 1647 941 ἀναλογόν
1697 871 1847 925 ἐστιν
1895 892 1970 936 ως

272 953 307 1027 ἡ
356 962 466 1011 AB
512 954 650 1028 πρὸς
695 956 799 1028 τὴν
846 963 986 1028 BA,
1042 978 1221 1022 ουτως
1267 954 1301 1028 ἡ
1349 962 1465 1012 ΑΓ
1503 957 1643 1029 πρὸς
1698 955 1801 1028 τὴν
1848 962 1967 1013 ΓΕ.

190 1054 245 1094 10
279 1050 371 1116 ἴση
419 1043 482 1099 δὲ
535 1041 569 1116 ἡ
626 1050 742 1099 BA
787 1048 853 1118 τῇ
905 1050 1030 1101 ΑΓ.
1116 1049 1266 1100 ἔστιν
1314 1043 1422 1117 ἄρα
1471 1043 1546 1111 ῶς
1592 1043 1627 1116 ἡ
1676 1051 1784 1101 AB
1831 1044 1969 1118 πρὸς

272 1131 378 1203 τὴν
418 1138 545 1204 ΑΓ,
589 1132 765 1199 οὕτως
804 1131 838 1205 ἡ
878 1139 994 1189 ΑΓ
1027 1132 1167 1205 πρὸς
1204 1132 1310 1204 τὴν
1350 1137 1469 1189 ΓΕ.

388 1221 515 1277 Δύο
565 1220 674 1294 ἄρα
721 1224 1004 1277 δοθεισῶν
1051 1219 1293 1277 εὐθειῶν
1344 1224 1457 1277 τῶν
1505 1227 1771 1292 ΑΒ,ΛΓ
1809 1227 1964 1295 τρίτη

276 1309 560 1382 ἀνάλογον
593 1308 787 1376 αὐταῖς
810 1309 1184 1383 προσεύρηται
1208 1308 1242 1381 ἡ
1267 1315 1390 1365 ΓΕ·
1427 1307 1561 1383 ὅπερ
1588 1314 1700 1389 ἔδει
1723 1314 1966 1383 ποιῆσαι.

1075 1472 1171 1543 ιβ’.

189 1583 244 1623 15
395 1579 611 1647 Τριῶν
674 1578 1007 1631 δοθεισῶν
1076 1574 1364 1632 εὐθειῶν
1431 1575 1753 1647 τετάρτην
1815 1574 1972 1631 ἀνά-

276 1670 479 1735 λογον
519 1675 936 1736 προσευρεῖν.

374 1750 667 1807 ’Ἑστωσαν
719 1754 781 1806 αἱ
817 1755 1078 1808 δοθεῖσαι
1124 1763 1271 1825 τρεῖς
1325 1750 1547 1808 εὐθεῖαι
1596 1755 1657 1808 αἰ
1701 1760 1779 1824 Α,
1804 1758 1877 1823 Β,
1902 1756 1972 1807 Γ·

278 1844 367 1896 δεῖ
435 1839 505 1911 δὴ
582 1843 696 1896 τῶν
764 1848 842 1910 A,
898 1846 975 1911 B,
1030 1845 1084 1895 Γ
1138 1843 1402 1913 τετάρτην
1463 1838 1750 1912 ἀνάλογον
1802 1857 1971 1914 προσ-

278 1940 481 2001 ευρεῖν.

189 2025 246 2065 20
386 2014 799 2072 Ἐκκείσθωσαν
855 2015 958 2072 δύο
1023 2015 1242 2072 εὐθεῖαι
1304 2019 1366 2071 αἱ
1419 2023 1556 2088 ΔΕ,
1594 2024 1704 2072 AZ
1757 2021 1973 2089 γωνίαν

280 2107 637 2178 περιέχουσαι
672 2107 998 2177 [τυχοῦσαν]
1032 2103 1135 2176 τὴν
1167 2103 1276 2161 ὑπὸ
1310 2111 1425 2161 ΕΔ
1435 2113 1500 2161 Ζ·
1540 2107 1634 2161 καὶ
1665 2110 1873 2162 κείσθω
1906 2106 1975 2179 τῇ

279 2195 382 2266 μὲν
430 2202 483 2249 Α
531 2200 623 2264 ἴση
671 2190 705 2264 ἡ
755 2199 903 2263 ΔΗ,
954 2197 1020 2266 τῇ
1070 2194 1132 2249 δὲ
1171 2200 1218 2249 Β
1259 2201 1350 2265 ἴση
1398 2191 1432 2266 ἡ
1471 2200 1615 2265 ΗΕ,
1654 2194 1747 2249 καὶ
1786 2198 1865 2249 ἔτι
1904 2195 1972 2268 τῇ

280 2287 334 2337 Γ
366 2289 457 2352 ἴση
499 2279 532 2352 ἡ
574 2287 706 2336 ΛΘ·
746 2282 838 2336 καὶ
880 2284 1293 2354 ἐπιζευχθείσης
1331 2286 1428 2354 τῆς
1470 2288 1578 2338 ΗΘ
1617 2282 1988 2355 παράλληλος.

200 2398 203 2399 ’
280 2369 420 2443 αὐτῇ
461 2369 622 2441 ἤχθω
664 2368 757 2424 διὰ
796 2373 900 2424 τοῦ
944 2376 993 2426 Ε
1028 2368 1062 2442 ἡ
1104 2377 1222 2426 ΕΖ.

201 2464 255 2505 25
394 2456 543 2514 Ἐπεὶ
599 2450 703 2513 οὖν
757 2457 1037 2530 τριγώνου
1090 2461 1190 2514 τοῦ
1242 2465 1410 2514 ΔΕΖ
1465 2458 1613 2531 παρὰ
1675 2464 1811 2530 μίαν
1872 2458 1975 2534 τὴν

400 2611 440 2650 1.
466 2602 554 2650 δύο
588 2601 726 2649 εὖθει
714 2605 800 2663 αι]
829 2620 917 2650 om.
943 2606 997 2661 P,
1023 2601 1217 2650 εὐθεῖαι
1242 2620 1383 2664 supra
1407 2621 1489 2652 scr.
1516 2622 1575 2651 m.
1601 2621 1690 2652 rec.
1793 2611 1834 2652 3.
1861 2610 1942 2650 BA

278 2680 303 2710 e
337 2679 452 2710 corr.
477 2664 533 2708 V.
597 2660 754 2721 εὑρεῖν
778 2665 828 2710 Ρ.
922 2669 964 2709 4.
997 2661 1086 2769 γὰρ
1112 2682 1163 2708 αι
1148 2663 1285 2722 ἴ,ΑΒ
1308 2666 1583 2711 APTheon
1608 2666 1775 2724 (BVp;
1809 2663 1898 2738 γὰρ
1923 2682 1954 2710 α

278 2729 376 2781 BA,
400 2723 582 2780 ΑΓΕ).
707 2727 746 2768 5.
781 2724 897 2781 ΒΓ]
926 2726 1064 2781 PBp
1202 2729 1241 2771 8.
1269 2700 1390 2792 'AE]
1417 2727 1580 2781 ΑΕφ.
1704 2730 1744 2770 9.
1769 2722 1875 2784 τήν]
1901 2724 1974 2771 bi!

281 2798 369 2828 om.
413 2782 536 2840 BFp
675 2783 807 2840 'BA]
842 2786 922 2826 ΒΑ
955 2783 1005 2828 F.
1142 2784 1257 2842 ΑΓ]
1290 2789 1327 2828 Α
1356 2783 1406 2827 in
1437 2798 1527 2852 ras..
1560 2800 1619 2829 m.
1656 2790 1679 2828 1
1712 2783 1764 2830 B.
1903 2788 1975 2833 11.

278 2840 386 2914 τήν]
422 2856 511 2888 om.
554 2841 646 2898 B.p
785 2838 870 2897 τήν
844 2842 891 2900 ν]
925 2857 1013 2886 om.
1048 2843 1139 2899 Bp.
1286 2843 1403 2901 ΓΕ]
1438 2846 1483 2887 Γ
1508 2843 1558 2887 in
1587 2858 1676 2888 ras.
1707 2843 1765 2890 V.
1903 2848 1972 2892 13.

285 2898 435 2959 αὐτῆς
465 2902 527 2957 P,
567 2915 681 2945 corr.
715 2915 775 2946 m.
810 2905 849 2945 2.
996 2906 1066 2947 20
1102 2899 1334 2947 ἐκκείσθω
1367 2902 1459 2947 τῶν
1492 2920 1527 2959 φ
1561 2905 1671 2958 (non
1701 2901 1770 2961 F).
1901 2907 1973 2948 21.
