1988 3152
175 610 201 650 5

149 1050 205 1090 10

154 1490 208 1531 15

156 1940 212 1981 20

159 2380 216 2422 25

227 129 299 181 92
851 129 1186 172 ΣΤΟῙΧΕΙΩΝ
1217 130 1250 172 ς
1257 126 1285 172 ’.

227 251 338 320 νίᾳ
402 254 553 318 ἴσην
618 251 752 318 ἔχῃ,
816 245 966 318 περὶ
1017 245 1087 301 δὲ
1139 244 1252 310 τὰς
1307 252 1454 310 ἴσας
1504 249 1755 315 γωνίας
1807 247 1920 310 τὰς

229 337 515 405 πλευρὰς
576 331 939 404 ἀνάλογον,
1014 333 1338 404 ἰσογώνια
1400 336 1582 388 ἔσται
1650 335 1724 387 τὰ
1786 337 1919 405 τρί-

228 445 408 493 γωνα
446 423 554 477 καὶ
596 428 741 486 ἴσας
780 422 909 488 ἕξει
946 423 1060 487 τὰς
1095 426 1365 492 γωνίας,
1405 418 1512 491 ὑφ’
1557 418 1631 485 ἃς
1670 422 1740 475 αἱ
1768 418 1919 491 ὁμό-

230 517 418 581 λογοι
456 510 734 582 πλευραὶ
773 508 1266 565 ὑποτείνουσιν.

331 597 512 653 ’Ἑστω
563 598 667 653 δύο
715 603 959 670 τρίγωνα
1004 596 1072 652 τὰ
1112 601 1295 667 ΑΒΓ,
1321 602 1489 651 AEZ
1530 599 1663 667 μίαν
1708 599 1922 667 γωνίαν

231 687 333 758 τὴν
372 684 487 742 ὑπὸ
525 691 699 741 ΒΑΓ
730 690 829 758 μιᾷ
869 691 1049 760 γωνίᾳ
1086 690 1152 759 τῇ
1193 683 1303 741 ὑπὸ
1337 690 1506 739 ΕΔΖ
1539 690 1669 754 ἴσην
1709 688 1922 755 ἔχοντα,
1982 679 1988 706 ³

232 777 358 847 περὶ
408 774 470 830 δὲ
516 773 616 838 τὰς
664 781 786 839 ἴσας
823 779 1032 844 γωνίας
1069 772 1166 838 τὰς
1204 771 1446 844 πλευρὰς
1493 771 1804 842 ἀνάλογον,
1852 769 1925 837 ὡς
1982 808 1988 844 3

233 863 336 935 τὴν
375 869 485 919 BA
524 861 662 934 πρὸς
692 863 796 933 τὴν
828 869 882 916 Α
893 867 956 932 Γ,
998 862 1176 927 οὕτως
1204 859 1308 932 τὴν
1341 867 1454 916 ΕΔ
1485 863 1624 933 πρὸς
1654 862 1758 931 τὴν
1792 865 1925 914 AZ·
1984 883 1988 889 ·

235 953 395 1023 λέγω,
436 951 521 1007 ὅτι
562 949 863 1021 ἰσογώνιόν
904 952 1018 1006 ἐστι
1049 949 1111 1005 τὸ
1144 954 1315 1004 ΑΒΓ
1339 954 1617 1021 τρίγωνον
1647 951 1723 1024 τῷ
1758 953 1926 1003 AEZ

236 1040 490 1115 τριγώνῳ
544 1040 638 1095 καὶ
694 1045 823 1110 ἴσην
878 1039 984 1105 ἔξει
1038 1040 1141 1109 τὴν
1202 1035 1312 1093 ὑπὸ
1367 1042 1539 1093 ΑΒΓ
1591 1040 1807 1108 γωνίαν
1859 1037 1925 1107 τῇ

234 1127 344 1185 ὑπὸ
386 1134 581 1198 AEZ,
619 1127 723 1199 τὴν
763 1127 825 1182 δὲ
863 1125 973 1183 ὑπὸ
1014 1132 1177 1182 ΑΓΒ
1215 1129 1281 1199 τῇ
1321 1123 1431 1182 ὑπὸ
1475 1131 1660 1180 ΔΖΕ.

266 1253 271 1259 ·
348 1215 685 1272 Συνεστάτω
726 1215 833 1287 γὰρ
873 1217 1011 1287 πρὸς
1040 1218 1106 1288 τῇ
1142 1222 1197 1270 A
1207 1221 1251 1269 Z
1286 1214 1482 1288 εὐθείᾳ
1512 1215 1604 1269 καὶ
1636 1223 1754 1279 τοῖς
1784 1215 1924 1285 πρὸς

239 1303 378 1378 αὐτῇ
420 1308 668 1376 σημείοις
705 1314 822 1369 τοῖς
863 1311 935 1374 A,
961 1309 1006 1358 Ζ
1046 1301 1284 1378 ὁποτέρᾳ
1323 1303 1425 1374 μὲν
1455 1305 1568 1359 τῶν
1600 1299 1707 1357 ὑπὸ
1741 1307 1853 1356 BA
1864 1306 1928 1371 Γ,
1984 1308 1988 1362 J

240 1399 409 1448 EAZ
450 1401 541 1464 ἴση
582 1390 616 1463 ἡ
655 1390 765 1448 ὑπὸ
808 1397 1010 1461 ZAH‚
1049 1395 1115 1464 τῇ
1158 1391 1219 1447 δὲ
1257 1389 1366 1447 ὑπὸ
1407 1396 1570 1447 ΑΓΒ
1612 1396 1702 1460 ἴση
1744 1387 1778 1461 ἡ
1818 1386 1930 1445 ὑπὸ
1984 1446 1988 1461 ,

242 1487 441 1537 AZH·
503 1483 669 1552 λοιπὴ
724 1479 832 1552 ἄρα
887 1478 921 1551 ἡ
977 1483 1118 1552 πρὸς
1171 1483 1245 1554 τῷ
1301 1486 1348 1535 Β
1402 1484 1580 1551 γωνία
1641 1481 1807 1551 λοιπῇ
1863 1480 1929 1549 τῇ

240 1573 380 1641 πρὸς
416 1573 493 1644 τῷ
533 1575 596 1624 Η
630 1576 721 1640 ἴση
764 1571 929 1625 ἐστίν.

349 1657 672 1729 Ἰσογώνιον
712 1655 822 1729 ἄρα
861 1657 975 1712 ἐστὶ
1014 1659 1077 1712 τὸ
1117 1661 1289 1712 ΑΒΓ
1320 1661 1598 1728 τρίγωνον
1637 1659 1712 1731 τῷ
1755 1661 1880 1710 AH
1888 1660 1932 1710 Z

242 1746 511 1822 τριγώνῳ.
589 1744 874 1816 ἀνάλογον
925 1744 1034 1817 ἄρα
1087 1745 1237 1800 ἐστὶν
1289 1743 1362 1810 ὡς
1413 1742 1448 1816 ἡ
1498 1750 1608 1799 ΒΑ
1646 1746 1785 1817 πρὸς
1830 1741 1932 1813 τὴν

244 1841 370 1906 ΑΓ,
411 1835 587 1900 οὕτως
634 1832 667 1905 ἡ
706 1839 830 1888 HA
867 1836 1008 1902 πρὸς
1045 1831 1147 1905 τὴν
1195 1838 1320 1888 ΔΖ.
1397 1829 1685 1888 ὑπόκειται
1733 1831 1795 1888 δὲ
1841 1831 1935 1886 καὶ
1985 1863 1988 1869 1

246 1922 319 1990 ὡς
359 1922 393 1995 ἡ
433 1929 544 1978 ΒΑ
582 1922 721 1992 πρὸς
759 1919 862 1992 τὴν
886 1927 1011 1990 ΑΓ,
1053 1921 1230 1987 οὕτως
1267 1920 1302 1991 ἡ
1345 1927 1458 1975 EA
1495 1923 1635 1993 πρὸς
1664 1923 1767 1991 τὴν
1801 1926 1933 1975 AZ·

245 2013 336 2068 καὶ
378 2012 453 2078 ὡς
491 2009 601 2080 ἄρα
640 2010 674 2081 ἡ
716 2016 830 2065 EA
867 2013 1006 2082 πρὸς
1044 2012 1146 2080 τὴν
1188 2015 1321 2078 AZ,
1363 2009 1539 2074 οὕτως
1576 2009 1610 2080 ἡ
1643 2014 1766 2064 ΗΛ
1797 2010 1937 2080 πρὸς

245 2104 347 2172 τὴν
389 2107 512 2155 AZ.
579 2106 671 2170 ἴση
712 2097 822 2171 ἄρα
861 2098 895 2169 ἡ
937 2104 1050 2153 ΕΔ
1087 2101 1152 2170 τῇ
1195 2102 1334 2152 AH·
1387 2098 1478 2152 καὶ
1529 2099 1690 2168 κοινὴ
1730 2096 1764 2168 ἡ
1806 2102 1935 2152 AZ·

248 2190 352 2245 δύο
407 2191 475 2259 δὴ
526 2210 582 2242 αι
632 2193 770 2255 EA,
798 2192 907 2241 AZ
957 2187 1084 2242 δυσὶ
1131 2197 1252 2251 ταῖς
1291 2190 1437 2256 HA,
1464 2191 1573 2240 AZ
1615 2192 1731 2240 ἴσαι
1771 2187 1936 2240 εἰσίν·

247 2278 339 2333 καὶ
379 2280 556 2347 γωνία
595 2275 629 2346 ἡ
671 2275 781 2330 ὑπὸ
824 2281 994 2330 ΕΔΖ
1042 2280 1218 2347 γωνίᾳ
1257 2277 1322 2347 τῇ
1363 2274 1472 2329 ὑπὸ
1513 2279 1691 2329 ΗΔΖ
1738 2274 1936 2342 [ἐστιν]
1976 2320 1982 2322 ,

250 2354 369 2436 ἴσηῙ
415 2364 577 2435 βασις
628 2362 737 2436 ἄρα
784 2363 817 2435 ἡ
868 2369 971 2418 ΕΖ
1013 2362 1172 2432 βάσει
1222 2366 1287 2435 τῇ
1335 2367 1448 2416 ΗΖ
1488 2362 1637 2417 ἐστιν
1678 2367 1790 2431 ἴση,
1843 2359 1938 2415 καὶ

248 2457 310 2509 τὸ
345 2459 511 2508 AEZ
542 2458 817 2523 τρίγωνον
855 2454 931 2528 τῷ
963 2456 1140 2506 ΗΔΖ
1171 2450 1426 2525 τριγώνω
1468 2457 1594 2506 ἴσον
1634 2451 1803 2520 ἐστίν,
1843 2447 1936 2504 καὶ

371 2665 411 2703 7.
475 2659 605 2717 ἴσας]
637 2673 699 2701 m.
733 2664 759 2702 2
792 2659 848 2703 V.
912 2663 953 2703 8.
986 2674 1039 2714 τη
1045 2674 1073 2701 ν
1102 2657 1217 2715 ΑΓ]
1250 2660 1342 2701 ΑΓ
1368 2655 1503 2713 BFp.
1626 2652 1762 2713 πρός]
1798 2667 1939 2711 supra·

250 2734 311 2762 m.
338 2732 427 2763 ree.
451 2718 501 2762 P.
625 2715 730 2775 τήν]
758 2731 847 2761 om.
873 2716 1010 2773 BFp.
1127 2716 1242 2774 AZ]
1269 2729 1383 2760 eras.
1410 2714 1473 2770 V,
1498 2715 1662 2760 mutat.
1688 2715 1736 2758 in
1762 2715 1855 2757 ΔΕ
1879 2714 1936 2767 F;

251 2780 339 2820 ZA
370 2777 448 2833 Bp
610 2781 650 2821 9.
686 2772 762 2820 ἐστ
766 2793 810 2819 ιν
842 2777 892 2831 Ρ,
926 2790 1074 2832 comp.
1108 2790 1153 2832 p
1290 2780 1357 2819 10.
1390 2774 1483 2818 τῶν
1515 2772 1936 2817 ABPF.11.

253 2832 359 2908 τήν]
393 2836 448 2893 τῆ
474 2835 530 2891 V,
565 2848 680 2880 corr.
713 2850 773 2878 m.
807 2849 897 2880 rec.
1021 2834 1183 2891 ΑΓΒ]
1212 2846 1237 2878 e
1263 2847 1378 2879 corr.
1403 2848 1464 2877 m.
1490 2837 1516 2876 2
1542 2833 1596 2877 V.
1722 2836 1790 2875 12.
1823 2827 1940 2887 πρὸς

255 2893 341 2952 μέν
374 2871 564 2951 B‘FVp.
627 2893 713 2951 τὴν
748 2898 835 2938 AZ
869 2889 1068 2938 εὐθεῖαν
1102 2893 1156 2949 V,
1189 2906 1302 2937 corr.
1335 2908 1394 2937 m.
1429 2897 1467 2936 2.
1609 2896 1678 2935 13.
1711 2887 1856 2947 αὐτῆς
1885 2888 1938 2933 Β.
