1988 3152
784 118 1135 161 PRAEFATIO.
1701 114 1811 158 XIII

111 265 159 310 p.
202 248 323 308 300,
366 247 460 295 27:
500 237 604 292 ἄλλ’
650 237 716 302 ὡς
756 236 782 292 ὅ
822 244 871 290 Ε
909 236 1035 307 πρὸς
1071 236 1179 305 τόν]
1221 242 1274 289 in
1311 256 1411 290 rae.
1449 257 1513 289 m.
1558 243 1583 288 1
1629 257 1675 303 q.

110 339 158 384 p.
201 322 322 379 302,
401 321 457 367 2:
497 315 616 380 τῶν]
656 311 746 366 τόν
785 333 830 378 q.

403 394 458 442 3:
498 389 670 454 K]1in
707 406 804 439 ras,
846 407 892 453 q.

495 463 578 527 Λ]
618 465 671 513 in
708 480 807 514 ras.
847 480 892 526 q.

367 542 457 589 10:
498 537 568 602 Β]
612 555 638 587 e
677 554 802 588 corr.
840 555 904 587 m.
950 540 977 586 1
1020 538 1068 587 b.

369 616 460 663 12:
500 611 584 661 καὶ
624 607 773 671 ὦς-
800 614 890 661 13:
930 606 1016 661 τὸν
1054 609 1128 673 Λ]
1171 627 1263 660 om.
1305 611 1387 673 bq.

113 707 163 752 p.
207 690 326 749 304,
408 690 461 735 1:
500 689 548 735 Γ
578 682 696 752 γάρ]
736 681 829 752 γὰρ
868 688 918 734 Γ
947 687 1028 749 bq.

404 763 459 810 4:
499 761 735 823 πεποίηκε
774 761 854 822 bq.

407 837 462 884 8:
504 829 587 884 διὰ
633 829 691 883 τὰ
733 828 857 883 αὐτὰ
898 829 959 898 δὴ
999 832 1111 896 καί]
1153 827 1303 882 πάλιν
1342 829 1446 881 ἐπεὶ
1491 825 1516 881 ὃ
1558 834 1607 879 Γ
1645 826 1731 881 τὸν
1770 834 1816 879 A

573 905 1004 967 πολλαπλασιάσας
1049 903 1137 957 τὸν
1175 910 1224 956 Ε
1263 906 1554 971 πεποίηκεν,
1601 899 1627 955 ὁ
1678 901 1733 954 δὲ
1772 909 1816 953 A

579 977 757 1031 ἑαυτὸν
781 977 1214 1040 πολλαπλασιάσας
1245 976 1331 1030 τὸν
1363 983 1404 1029 Β
1437 979 1689 1043 πεποίηκε,
1723 975 1815 1028 δύο

575 1052 636 1120 δὴ
678 1051 885 1121 ἀριθμοὶ
925 1056 976 1106 οἷ
1009 1059 1063 1116 Γ,
1097 1058 1141 1103 A
1181 1053 1268 1104 ἕνα
1307 1053 1390 1103 καὶ
1428 1048 1514 1103 τὸν
1547 1048 1700 1103 αὐτὸν
1730 1048 1817 1103 τὸν

578 1124 697 1197 (om.
751 1128 807 1194 b)
858 1132 905 1178 A
953 1121 1465 1187 πολλαπλασιάσαντες
1515 1122 1630 1187 τοὺς
1679 1130 1741 1188 Ε,
1776 1130 1816 1176 Β

575 1197 928 1267 πεποιήκασιν·
969 1202 1099 1252 ἔστιν
1137 1199 1235 1267 ἄρα
1275 1204 1354 1266 bq.

407 1281 461 1328 9:
502 1275 574 1340 B]
623 1280 679 1327 Β.
728 1273 831 1327 ἀλλ’
885 1272 952 1337 ὡς
998 1272 1024 1327 ὅ
1065 1280 1114 1326 Γ
1152 1272 1275 1340 πρὸς
1313 1272 1398 1326 τὸν
1452 1278 1518 1339 A,
1575 1271 1729 1336 οὕτως
1792 1271 1817 1327 ὃ

574 1355 623 1399 A
660 1347 786 1416 πρὸς
822 1347 910 1401 τὸν
949 1355 997 1400 Ε
1036 1354 1116 1415 bq.

374 1428 463 1475 10:
504 1421 621 1489 ἄρα]
663 1442 757 1476 om.
798 1444 842 1489 q.
893 1438 896 1443 “

374 1503 463 1548 11:
503 1493 739 1564 ἀριθμός]
781 1495 995 1564 ἀριθμὸς
1034 1494 1060 1550 ὁ
1099 1503 1148 1549 Ε
1187 1502 1265 1563 bq.

123 1593 170 1638 p.
211 1576 333 1637 306,
414 1577 467 1622 2:
509 1569 707 1637 ἔαυτόν]
750 1569 927 1624 ἑαυτὸν
967 1571 1056 1639 μέν
1095 1576 1174 1637 bq.

409 1650 463 1696 4:
504 1646 624 1711 τῶν]
666 1665 790 1698 corr.
832 1665 892 1698 ex
929 1644 1016 1699 τόν
1053 1667 1118 1698 m.
1163 1653 1188 1698 1
1235 1666 1280 1712 q.

414 1724 467 1771 6:
507 1720 587 1771 καὶ
637 1716 663 1772 ὃ
710 1725 760 1771 Γ
807 1717 984 1772 ἑαυτὸν
1028 1717 1458 1782 πολλαπλασιάσας
1508 1717 1594 1773 τὸν
1640 1726 1688 1771 Ε
1739 1740 1820 1772 πε-

575 1796 804 1860 ποίηκεν]
846 1814 941 1847 om.
983 1798 1064 1860 bq.

412 1873 465 1920 7:
505 1867 616 1935 μέν]
657 1888 753 1921 om.
792 1865 922 1937 bq.¹)

503 1945 741 2009 πεποίηκε
778 1946 868 2008 bq:
909 1947 1033 1994 item
1070 1947 1156 1995 lin
1198 1947 1245 1994 8.

380 2021 470 2068 10:
509 2020 748 2082 πεποίηκε
788 2037 839 2082 q,
878 2020 1001 2068 item
1039 2021 1126 2070 lin.
1169 2022 1252 2068 11.

376 2094 468 2140 27:
507 2091 581 2155 A]
624 2095 688 2153 A,
731 2111 887 2152 ουτως
924 2111 972 2142 τε
1013 2087 1133 2182 (om.
1158 2087 1238 2182 eq)
1286 2086 1311 2142 ὁ
1360 2094 1409 2141 K
1459 2086 1583 2157 πρὸς
1627 2086 1713 2142 τὸν
1760 2095 1823 2141 Β·

581 2164 785 2231 ἐδείχθη
828 2163 882 2215 δὲ
920 2165 1004 2215 καὶ
1042 2162 1109 2227 ὡς
1148 2161 1175 2216 ὅ
1216 2169 1266 2214 Γ
1295 2161 1420 2231 πρὸς
1457 2161 1543 2216 τὸν
1583 2169 1628 2214 A
1666 2167 1747 2229 bq.

507 2259 534 2289 ο
572 2238 644 2303 τε]
682 2258 732 2289 τε
771 2235 797 2290 ὁ
835 2241 918 2304 bq.

124 2331 172 2377 p.
216 2316 335 2377 310,
414 2316 470 2362 4:
509 2309 618 2379 τόν]
660 2331 753 2364 om.
795 2332 841 2378 q.

412 2390 467 2438 8:
505 2386 594 2456 τῷ]
636 2405 730 2438 om.
770 2406 815 2452 q.

380 2465 469 2511 10:
511 2458 601 2526 μὲν
639 2457 696 2526 ὁ]
739 2457 766 2512 ὃ
806 2459 895 2528 μέν
933 2464 1012 2527 bq.

323 2592 325 2594 ,
383 2538 471 2584 14:
511 2532 810 2603 τετράγωνος
840 2532 964 2602 πρὸς
994 2533 1319 2604 τετραγωνον]
1353 2555 1651 2604 τετραγωνος
1683 2533 1823 2602 ἆριθ

587 2605 677 2674 μὸς
715 2606 843 2676 πρὸς
881 2630 1186 2678 τετραγωνον
1217 2606 1435 2677 ἀριθμόν
1474 2613 1554 2675 bq.

387 2685 477 2732 22·
518 2683 662 2747 εἰσιν]
705 2701 860 2749 comp.
901 2684 1030 2735 ἐστιν
1069 2703 1192 2737 corr.
1234 2703 1293 2736 ex
1332 2702 1488 2750 comp.
1528 2686 1649 2735 εἰσιν
1688 2688 1733 2736 b.

19 2871 21 2873 ’
251 2859 294 2912 1)
325 2855 375 2899 Ρ.
410 2860 517 2910 306,
561 2860 587 2900 6
619 2856 672 2901 in
702 2856 861 2903 adnob.
896 2857 1147 2904 scribatur:
1189 2862 1260 2914 „.6
1293 2859 1374 2904 καὶ
1405 2854 1428 2903 ὁ
1457 2885 1513 2891 -
1538 2859 1818 2916 πεποίηκεν]

16 2943 33 2995 Ἀ
130 2913 187 2969 Ρ,
222 2928 310 2959 om.
344 2914 509 2960 Theon
540 2915 728 2972 (Bch)
795 2920 834 2962 7.
868 2916 978 2976 μέν]
1012 2932 1101 2964 om.
1135 2917 1317 2975 Βῖἴφ.ιι
