1988 3152
218 109 328 162 350
845 110 1181 153 mommsm
1209 106 1282 155 θ’.

217 229 366 283 ἐστιν
406 225 482 293 ὥς
522 225 551 283 ὃ
590 233 638 282 Β
677 224 815 299 πρὸς
853 229 953 282 τὸν
985 231 1049 297 Γ,
1091 224 1121 282 ὃ
1153 235 1207 282 A
1245 226 1383 300 πρὸς
1420 227 1522 284 τὸν
1555 235 1618 284 Β.
1671 231 1908 286 καὶτῶν

215 323 293 386 Α,
339 322 387 371 Β
439 314 548 387 ἄρα
600 314 705 370 δύο
756 314 915 386 μέσοι
965 313 1249 386 ἀνάλογόν
1299 320 1441 372 εἰσιν
1489 315 1740 389 ἀριθμοί.
1815 323 1914 373 καί

216 405 330 459 ε’στι
367 402 540 474 κύβος
579 401 610 459 ὁ
642 409 711 459 Β·
762 403 934 473 κύβος
972 402 1085 476 ἄρα
1126 404 1239 460 ἐστὶ
1278 405 1370 459 καὶ
1411 402 1440 459 ὁ
1470 411 1525 459 Α
1538 423 1549 434 ·
1621 403 1754 478 ὅπερ
1796 409 1909 461 ἔδει

216 494 405 558 δεῖξαι.

155 619 181 658 5
1026 595 1089 662 ζ’.

319 710 465 767 Ἐὰν
514 711 845 778 σύνθετος
891 712 1180 786 ἀριθμὸς
1227 711 1520 786 ἀριθμόν
1568 734 1715 769 τινα
1754 721 1907 770 πολ-

213 800 667 867 λαπλασιάσας
712 805 872 875 ποιῇ
920 823 1094 872 τινα,
1152 800 1181 858 ὁ
1230 802 1589 874 γενόμενος
1644 802 1909 875 στερεὸς

214 892 412 944 ἔσται.

324 976 616 1044 Σύνθετος
662 977 769 1051 γὰρ
818 977 1064 1051 ἀριθμὸς
1105 977 1134 1035 ὁ
1176 987 1229 1034 A
1268 979 1516 1053 ἀριθμόν
1555 1002 1680 1036 τινα
1718 979 1820 1036 τὸν
1861 987 1908 1035 Β

127 1076 180 1115 10
212 1067 698 1133 πολλαπλασιάσας
745 1065 845 1124 τὸν
884 1072 938 1123 Γ
976 1072 1227 1124 ποιείτω·
1289 1071 1458 1140 λέγω,
1506 1069 1592 1126 ὅτι
1634 1067 1663 1125 ὁ
1704 1074 1757 1124 Γ
1790 1084 1908 1124 στε-

213 1155 340 1227 ρεός
379 1158 544 1212 ἐστιν.

320 1241 465 1299 Ἐπεὶ
512 1247 620 1316 γὰρ
669 1243 698 1300 ὁ
739 1253 792 1300 A
840 1244 1125 1320 mjvflezdgj
1166 1249 1341 1316 ἐστιν,
1391 1244 1499 1302 ὑπὸ
1540 1244 1790 1317 ἀριθμοῦ
1830 1267 1907 1300 τι-

210 1354 308 1398 νος
346 1333 767 1405 μετρηθήσεται.
829 1340 1138 1405 μετρείσθω
1178 1333 1288 1391 ὑπὸ
1329 1339 1430 1391 τοῦ
1471 1341 1543 1404 Δ,
1583 1335 1674 1389 καὶ
1716 1332 1907 1399 ὁσάκις

211 1419 240 1476 ὃ
284 1427 339 1475 A
376 1421 476 1477 τὸν
515 1430 569 1476 Α
606 1434 815 1495 μετρεῖ,
853 1427 1121 1479 τοσαῦται
1161 1423 1401 1495 μονάδες
1441 1427 1691 1479 ἔστωσαν
1732 1424 1792 1477 ἐν
1831 1426 1905 1497 τῷ

124 1527 177 1566 15
210 1515 271 1563 E.
336 1509 450 1565 ἐπεὶ
498 1501 605 1565 οὖν
652 1508 682 1565 ὁ
731 1517 787 1565 A
833 1509 933 1567 τὸν
972 1518 1026 1566 A
1073 1523 1261 1583 μετρεῖ
1301 1509 1437 1566 κατὰ
1488 1509 1587 1576 τὰς
1635 1512 1694 1566 ἐν
1740 1513 1816 1586 τῷ
1859 1516 1910 1564 Ε

209 1597 476 1669 μονάδας,
518 1595 547 1653 ὁ
589 1604 641 1652 Ε
676 1597 786 1671 ἄρα
824 1598 924 1655 τὸν
963 1606 1019 1654 A
1057 1598 1546 1664 πολλαπλασιάσας
1582 1597 1684 1655 τὸν
1724 1607 1777 1654 A
1815 1618 1906 1654 πε-

209 1690 453 1757 ποίηκεν.
530 1687 623 1742 καὶ
665 1688 781 1743 ἐπεὶ
822 1685 850 1743 ὁ
883 1694 937 1743 A
975 1687 1078 1744 τὸν
1111 1695 1157 1743 Β
1195 1686 1688 1752 πολλαπλασιάσας
1726 1687 1828 1743 τὸν
1860 1692 1913 1742 Γ

208 1779 522 1846 πεποίηκεν,
556 1772 586 1831 ὁ
620 1775 682 1831 δὲ
714 1783 768 1831 A
801 1778 949 1832 ἐστιν
984 1774 1013 1832 ὁ
1049 1778 1107 1832 ἐκ
1138 1779 1252 1832 τῶν
1289 1784 1360 1847 Δ,
1396 1782 1462 1846 Ε,
1505 1772 1534 1831 ὁ
1567 1773 1679 1847 ἄρα
1712 1778 1769 1832 ἐκ
1792 1779 1904 1831 τῶν

210 1869 282 1933 Δ,
321 1869 375 1917 Ε
409 1862 510 1919 τὸν
549 1870 596 1918 Β
636 1863 1125 1930 πολλαπλασιάσας
1163 1863 1261 1920 τὸν
1300 1869 1354 1920 Γ
1393 1867 1707 1933 πεποίηκεν.
1787 1861 1822 1919 ὃ
1859 1869 1913 1918 Γ

119 1968 177 2009 20
209 1950 319 2023 ἄρα
351 1951 570 2025 στερεός
603 1954 771 2023 ἐστιν,
811 1954 1044 2027 πλευραὶ
1078 1952 1139 2008 δὲ
1173 1950 1347 2008 αὐτοῦ
1380 1956 1522 2007 εἰσιν
1557 1955 1614 2007 οἱ
1643 1959 1714 2023 Δ,
1742 1959 1808 2023 Ε,
1833 1958 1903 2007 Β·

211 2039 345 2112 ὅπερ
387 2044 500 2095 ἔδει
540 2041 729 2107 δεῖξαι.

1020 2158 1095 2230 η’.

315 2274 461 2331 Ἐὰν
508 2274 632 2332 ἀπὸ
680 2276 974 2347 μονάδος
1020 2276 1386 2333 ὁποσοιοῦν
1435 2275 1718 2348 ἀριθμοὶ
1759 2278 1903 2348 ἑξῆς

209 2361 545 2435 ἀνάλογον
586 2358 775 2435 ωσιν,
816 2365 846 2420 ὁ
887 2365 1004 2436 μὲν
1043 2370 1265 2438 τρίτος
1303 2363 1429 2420 ἀπὸ
1469 2369 1580 2437 τῆς
1612 2366 1903 2437 μονάδος

119 2463 176 2504 25
207 2451 621 2523 τετράγωνος
676 2457 858 2508 ε’σται
903 2454 1012 2509 καὶ
1061 2457 1127 2509 οι
1171 2455 1287 2509 ε’να
1334 2457 1818 2523 διαλείποντες,
1870 2453 1900 2509 ὁ

209 2539 277 2595 δε
338 2543 645 2613 τέταρτος
705 2542 907 2613 κύβος
967 2543 1076 2598 καὶ
1138 2545 1205 2598 οἱ
1264 2543 1382 2598 δύο
1441 2545 1902 2607 διαλείποντες

328 2716 365 2756 1.
400 2728 548 2762 ουτως
579 2708 604 2756 ὁ
638 2715 675 2755 Α
706 2710 856 2768 Bqu.
972 2717 1013 2755 3.
1049 2709 1174 2756 ἔστιν
1206 2711 1255 2755 P.
1371 2709 1536 2771 κύβος]
1568 2712 1687 2768 (alt.)
1722 2726 1813 2758 om.
1847 2729 1898 2768 φ.

207 2766 332 2814 ἐστίν
364 2771 415 2815 Ρ.
525 2775 594 2816 15.
630 2768 734 2816 ἐπεὶ
765 2787 852 2815 ουν
879 2797 933 2802 -
962 2775 1038 2814 16:
1087 2768 1320 2829 μονάδας]
1361 2785 1451 2815 om.
1484 2771 1586 2827 ch.
1710 2777 1779 2816 16.
1820 2787 1900 2815 πε-

204 2831 371 2886 ποίηκε
412 2829 513 2885 ch.
639 2835 707 2875 18.
749 2826 797 2887 ὁ]
833 2830 950 2886 (alt.)
984 2844 1072 2874 om.
1106 2830 1253 2901 BVqJ.
1382 2835 1448 2874 19.
1490 2830 1602 2874 Post
1639 2831 1898 2904 πεποίηκεν

206 2889 311 2933 add.
345 2906 397 2945 φ,
429 2888 518 2932 VB
543 2903 642 2946 mg.
673 2903 733 2933 m.
760 2894 808 2932 2:
843 2890 923 2933 καὶ
948 2890 1057 2946 (om.
1082 2890 1137 2944 B)
1170 2885 1194 2932 ὁ
1228 2893 1264 2932 Β
1297 2905 1392 2945 αρα
1425 2887 1512 2944 (ε”τι
1539 2890 1592 2946 φ)
1618 2886 1701 2933 τὸν
1728 2885 1780 2934 ἐκ
1803 2889 1899 2932 τῶν
