<?xml version="1.0" encoding="UTF-8"?>
<!DOCTYPE html PUBLIC "-//W3C//DTD XHTML 1.0 Transitional//EN"
    "http://www.w3.org/TR/xhtml1/DTD/xhtml1-transitional.dtd">
<html xmlns="http://www.w3.org/1999/xhtml" xml:lang="en" lang="en">
 <head>
  <title>
</title>
<meta http-equiv="Content-Type" content="text/html;charset=utf-8" />
  <meta name='ocr-system' content='tesseract 3.04.00' />
  <meta name='ocr-capabilities' content='ocr_page ocr_carea ocr_par ocr_line ocrx_word'/>
</head>
<body>
  <div class='ocr_page' id='page_1' title='image "./euclidisoperaomn02eucluoft_0431.png"; bbox 0 0 1988 3152; ppageno 0'>
   <div class='ocr_carea' id='block_1_1' title="bbox 530 28 1778 81">
    <p class='ocr_par' dir='ltr' id='par_1_1' title="bbox 530 28 1778 81">
     <span class='ocr_line' id='line_1_1' title="bbox 530 28 1778 81; baseline 0.006 -7"><span class='ocrx_word' id='word_1_1' title='bbox 530 31 989 74; x_wconf 79' lang='lat' dir='ltr'><strong>ELEMENTORUM</strong></span> <span class='ocrx_word' id='word_1_2' title='bbox 1017 33 1200 73; x_wconf 84' lang='lat' dir='ltr'>LIBER</span> <span class='ocrx_word' id='word_1_3' title='bbox 1229 32 1308 76; x_wconf 84' lang='lat' dir='ltr'>IX.</span> <span class='ocrx_word' id='word_1_4' title='bbox 1667 28 1778 81; x_wconf 83' lang='lat'>405</span> 
     </span>
    </p>
   </div>
   <div class='ocr_carea' id='block_1_2' title="bbox 804 179 1055 235">
    <p class='ocr_par' dir='ltr' id='par_1_2' title="bbox 804 179 1055 235">
     <span class='ocr_line' id='line_1_2' title="bbox 804 179 1055 235; baseline 0 -2"><span class='ocrx_word' id='word_1_5' title='bbox 804 179 1055 235; x_wconf 89' lang='lat' dir='ltr'>XXXIV.</span> 
     </span>
    </p>
   </div>
   <div class='ocr_carea' id='block_1_3' title="bbox 0 282 1818 1867">
    <p class='ocr_par' dir='ltr' id='par_1_3' title="bbox 0 282 1818 1867">
     <span class='ocr_line' id='line_1_3' title="bbox 190 282 1777 353; baseline -0.001 -17"><span class='ocrx_word' id='word_1_6' title='bbox 190 282 248 336; x_wconf 84' lang='lat' dir='ltr'>Si</span> <span class='ocrx_word' id='word_1_7' title='bbox 271 302 526 336; x_wconf 87' lang='lat' dir='ltr'>numerus</span> <span class='ocrx_word' id='word_1_8' title='bbox 553 283 748 353; x_wconf 89' lang='lat' dir='ltr'>aliquis</span> <span class='ocrx_word' id='word_1_9' title='bbox 772 301 872 337; x_wconf 81' lang='lat' dir='ltr'>neo</span> <span class='ocrx_word' id='word_1_10' title='bbox 898 302 963 336; x_wconf 87' lang='lat' dir='ltr'>ex</span> <span class='ocrx_word' id='word_1_11' title='bbox 987 284 1054 336; x_wconf 90' lang='lat' dir='ltr'>iis</span> <span class='ocrx_word' id='word_1_12' title='bbox 1082 287 1179 353; x_wconf 69' lang='lat' dir='ltr'>est,</span> <span class='ocrx_word' id='word_1_13' title='bbox 1213 283 1306 353; x_wconf 92' lang='lat' dir='ltr'>qui</span> <span class='ocrx_word' id='word_1_14' title='bbox 1331 301 1363 336; x_wconf 90' lang='lat' dir='ltr'>a</span> <span class='ocrx_word' id='word_1_15' title='bbox 1392 283 1607 336; x_wconf 88' lang='lat' dir='ltr'>binario</span> <span class='ocrx_word' id='word_1_16' title='bbox 1642 300 1777 336; x_wconf 87' lang='lat' dir='ltr'>sem-</span> 
     </span>
     <span class='ocr_line' id='line_1_4' title="bbox 76 371 1776 443; baseline -0.001 -19"><span class='ocrx_word' id='word_1_17' title='bbox 76 391 175 443; x_wconf 85' lang='lat' dir='ltr'>per</span> <span class='ocrx_word' id='word_1_18' title='bbox 206 372 633 441; x_wconf 83' lang='lat' dir='ltr'>conduplicando</span> <span class='ocrx_word' id='word_1_19' title='bbox 668 373 1053 440; x_wconf 71' lang='lat' dir='ltr'>producuntur,</span> <span class='ocrx_word' id='word_1_20' title='bbox 1085 390 1184 425; x_wconf 83' lang='lat' dir='ltr'>nee</span> <span class='ocrx_word' id='word_1_21' title='bbox 1209 371 1488 424; x_wconf 89' lang='lat' dir='ltr'>dimidium</span> <span class='ocrx_word' id='word_1_22' title='bbox 1512 371 1776 440; x_wconf 87' lang='lat' dir='ltr'>imparem</span> 
     </span>
     <span class='ocr_line' id='line_1_5' title="bbox 21 458 1477 532; baseline -0.002 -17"><span class='ocrx_word' id='word_1_23' title='bbox 21 498 27 502; x_wconf 91' lang='lat'>-</span> <span class='ocrx_word' id='word_1_24' title='bbox 77 462 260 531; x_wconf 76' lang='lat' dir='ltr'>habet,</span> <span class='ocrx_word' id='word_1_25' title='bbox 299 467 355 515; x_wconf 73' lang='lat' dir='ltr'>et</span> <span class='ocrx_word' id='word_1_26' title='bbox 392 461 599 532; x_wconf 72' lang='lat' dir='ltr'>pariter</span> <span class='ocrx_word' id='word_1_27' title='bbox 637 480 738 530; x_wconf 92' lang='lat' dir='ltr'>par</span> <span class='ocrx_word' id='word_1_28' title='bbox 778 465 861 514; x_wconf 74' lang='lat' dir='ltr'>est</span> <span class='ocrx_word' id='word_1_29' title='bbox 902 465 956 514; x_wconf 75' lang='lat' dir='ltr'>et</span> <span class='ocrx_word' id='word_1_30' title='bbox 995 462 1201 529; x_wconf 77' lang='lat' dir='ltr'>pariter</span> <span class='ocrx_word' id='word_1_31' title='bbox 1240 458 1477 531; x_wconf 79' lang='lat' dir='ltr'>impar.¹)</span> 
     </span>
     <span class='ocr_line' id='line_1_6' title="bbox 186 548 1776 618; baseline -0.003 -14"><span class='ocrx_word' id='word_1_32' title='bbox 186 550 331 605; x_wconf 91' lang='lat' dir='ltr'>Nam</span> <span class='ocrx_word' id='word_1_33' title='bbox 393 569 651 604; x_wconf 86' lang='lat' dir='ltr'>numerus</span> <span class='ocrx_word' id='word_1_34' title='bbox 700 555 754 603; x_wconf 92' lang='lat' dir='ltr'><em>A</em></span> <span class='ocrx_word' id='word_1_35' title='bbox 807 568 875 602; x_wconf 90' lang='lat' dir='ltr'>ne</span> <span class='ocrx_word' id='word_1_36' title='bbox 931 550 1003 602; x_wconf 72' lang='lat' dir='ltr'>sib</span> <span class='ocrx_word' id='word_1_37' title='bbox 1058 569 1122 602; x_wconf 85' lang='lat' dir='ltr'>ex</span> <span class='ocrx_word' id='word_1_38' title='bbox 1177 550 1268 617; x_wconf 81' lang='lat' dir='ltr'>iis,</span> <span class='ocrx_word' id='word_1_39' title='bbox 1323 550 1415 618; x_wconf 92' lang='lat' dir='ltr'>qui</span> <span class='ocrx_word' id='word_1_40' title='bbox 1473 568 1505 602; x_wconf 92' lang='lat' dir='ltr'>a</span> <span class='ocrx_word' id='word_1_41' title='bbox 1564 548 1776 601; x_wconf 87' lang='lat' dir='ltr'>binario</span> 
     </span>
     <span class='ocr_line' id='line_1_7' title="bbox 78 626 1818 712; baseline -0.001 -20"><span class='ocrx_word' id='word_1_42' title='bbox 78 682 84 712; x_wconf 64' lang='grc' dir='ltr'>Ι</span> <span class='ocrx_word' id='word_1_43' title='bbox 474 681 481 711; x_wconf 59' lang='grc'>1</span> <span class='ocrx_word' id='word_1_44' title='bbox 528 657 740 709; x_wconf 85' lang='lat' dir='ltr'>semper</span> <span class='ocrx_word' id='word_1_45' title='bbox 765 639 1192 708; x_wconf 80' lang='lat' dir='ltr'>conduplicando</span> <span class='ocrx_word' id='word_1_46' title='bbox 1224 638 1610 707; x_wconf 72' lang='lat' dir='ltr'>producuntur,</span> <span class='ocrx_word' id='word_1_47' title='bbox 1641 655 1779 691; x_wconf 89' lang='lat' dir='ltr'>neue</span> <span class='ocrx_word' id='word_1_48' title='bbox 1808 626 1818 633; x_wconf 48' lang='grc'><strong>”</strong></span> 
     </span>
     <span class='ocr_line' id='line_1_8' title="bbox 77 717 1774 798; baseline -0.002 -16"><span class='ocrx_word' id='word_1_49' title='bbox 77 717 115 756; x_wconf 85' lang='lat' dir='ltr'><em>A</em></span> <span class='ocrx_word' id='word_1_50' title='bbox 527 729 806 782; x_wconf 89' lang='lat' dir='ltr'>dimidium</span> <span class='ocrx_word' id='word_1_51' title='bbox 839 729 1102 798; x_wconf 86' lang='lat' dir='ltr'>imparem</span> <span class='ocrx_word' id='word_1_52' title='bbox 1142 728 1356 781; x_wconf 74' lang='lat' dir='ltr'>habeat.</span> <span class='ocrx_word' id='word_1_53' title='bbox 1421 727 1555 796; x_wconf 84' lang='lat' dir='ltr'>dico,</span> <span class='ocrx_word' id='word_1_54' title='bbox 1594 745 1774 780; x_wconf 88' lang='lat' dir='ltr'>nume-</span> 
     </span>
     <span class='ocr_line' id='line_1_9' title="bbox 76 817 1663 887; baseline -0.001 -18"><span class='ocrx_word' id='word_1_55' title='bbox 76 836 197 870; x_wconf 89' lang='lat' dir='ltr'>rum</span> <span class='ocrx_word' id='word_1_56' title='bbox 237 822 290 869; x_wconf 92' lang='lat' dir='ltr'><em>A</em></span> <span class='ocrx_word' id='word_1_57' title='bbox 330 820 384 869; x_wconf 76' lang='lat' dir='ltr'>et</span> <span class='ocrx_word' id='word_1_58' title='bbox 420 819 629 887; x_wconf 70' lang='lat' dir='ltr'>pariter</span> <span class='ocrx_word' id='word_1_59' title='bbox 666 836 855 886; x_wconf 79' lang='lat' dir='ltr'>parem</span> <span class='ocrx_word' id='word_1_60' title='bbox 890 820 944 869; x_wconf 72' lang='lat' dir='ltr'>et</span> <span class='ocrx_word' id='word_1_61' title='bbox 982 818 1188 886; x_wconf 75' lang='lat' dir='ltr'>pariter</span> <span class='ocrx_word' id='word_1_62' title='bbox 1225 817 1491 885; x_wconf 87' lang='lat' dir='ltr'>imparem</span> <span class='ocrx_word' id='word_1_63' title='bbox 1532 834 1663 869; x_wconf 88' lang='lat' dir='ltr'>esse.</span> 
     </span>
     <span class='ocr_line' id='line_1_10' title="bbox 189 904 1782 976; baseline 0 -18"><span class='ocrx_word' id='word_1_64' title='bbox 189 907 299 958; x_wconf 87' lang='lat' dir='ltr'>iam</span> <span class='ocrx_word' id='word_1_65' title='bbox 348 925 634 959; x_wconf 91' lang='lat' dir='ltr'>numerum</span> <span class='ocrx_word' id='word_1_66' title='bbox 673 912 727 959; x_wconf 91' lang='lat' dir='ltr'><em>A</em></span> <span class='ocrx_word' id='word_1_67' title='bbox 764 907 970 976; x_wconf 63' lang='lat' dir='ltr'>parilzer</span> <span class='ocrx_word' id='word_1_68' title='bbox 1009 924 1196 975; x_wconf 88' lang='lat' dir='ltr'>parem</span> <span class='ocrx_word' id='word_1_69' title='bbox 1237 924 1380 974; x_wconf 85' lang='lat' dir='ltr'>esse,</span> <span class='ocrx_word' id='word_1_70' title='bbox 1427 904 1782 958; x_wconf 72' lang='lat' dir='ltr'>manifestum</span> 
     </span>
     <span class='ocr_line' id='line_1_11' title="bbox 79 993 1781 1064; baseline 0 -16"><span class='ocrx_word' id='word_1_71' title='bbox 79 999 162 1048; x_wconf 73' lang='lat' dir='ltr'>est</span> <span class='ocrx_word' id='word_1_72' title='bbox 202 994 331 1062; x_wconf 86' lang='lat' dir='ltr'><strong>[VII</strong></span> <span class='ocrx_word' id='word_1_73' title='bbox 371 995 474 1048; x_wconf 87' lang='lat' dir='ltr'>def.</span> <span class='ocrx_word' id='word_1_74' title='bbox 515 997 594 1064; x_wconf 79' lang='lat'>8];</span> <span class='ocrx_word' id='word_1_75' title='bbox 642 1014 772 1048; x_wconf 86' lang='lat' dir='ltr'>nam</span> <span class='ocrx_word' id='word_1_76' title='bbox 824 996 1105 1048; x_wconf 88' lang='lat' dir='ltr'>dimidium</span> <span class='ocrx_word' id='word_1_77' title='bbox 1144 997 1408 1064; x_wconf 86' lang='lat' dir='ltr'>imparem</span> <span class='ocrx_word' id='word_1_78' title='bbox 1447 1013 1559 1047; x_wconf 90' lang='lat' dir='ltr'>non</span> <span class='ocrx_word' id='word_1_79' title='bbox 1598 993 1781 1048; x_wconf 71' lang='lat' dir='ltr'>habeb.</span> 
     </span>
     <span class='ocr_line' id='line_1_12' title="bbox 81 1083 1781 1154; baseline -0.002 -17"><span class='ocrx_word' id='word_1_80' title='bbox 81 1083 217 1154; x_wconf 85' lang='lat' dir='ltr'>dico,</span> <span class='ocrx_word' id='word_1_81' title='bbox 250 1085 479 1137; x_wconf 89' lang='lat' dir='ltr'>eundem</span> <span class='ocrx_word' id='word_1_82' title='bbox 511 1085 717 1154; x_wconf 71' lang='lat' dir='ltr'>pariter</span> <span class='ocrx_word' id='word_1_83' title='bbox 746 1085 1013 1154; x_wconf 86' lang='lat' dir='ltr'>imparem</span> <span class='ocrx_word' id='word_1_84' title='bbox 1047 1103 1176 1137; x_wconf 90' lang='lat' dir='ltr'>esse.</span> <span class='ocrx_word' id='word_1_85' title='bbox 1232 1103 1360 1136; x_wconf 89' lang='lat' dir='ltr'>nam</span> <span class='ocrx_word' id='word_1_86' title='bbox 1395 1084 1442 1136; x_wconf 90' lang='lat' dir='ltr'>si</span> <span class='ocrx_word' id='word_1_87' title='bbox 1470 1088 1524 1135; x_wconf 92' lang='lat' dir='ltr'><em>A</em></span> <span class='ocrx_word' id='word_1_88' title='bbox 1555 1083 1614 1135; x_wconf 88' lang='lat' dir='ltr'>in</span> <span class='ocrx_word' id='word_1_89' title='bbox 1647 1083 1781 1135; x_wconf 88' lang='lat' dir='ltr'>duas</span> 
     </span>
     <span class='ocr_line' id='line_1_13' title="bbox 78 1172 1783 1243; baseline -0.001 -17"><span class='ocrx_word' id='word_1_90' title='bbox 78 1178 263 1242; x_wconf 74' lang='lat' dir='ltr'>partes</span> <span class='ocrx_word' id='word_1_91' title='bbox 319 1174 570 1243; x_wconf 86' lang='lat' dir='ltr'>aequales</span> <span class='ocrx_word' id='word_1_92' title='bbox 627 1174 969 1226; x_wconf 88' lang='lat' dir='ltr'>diuiserimus</span> <span class='ocrx_word' id='word_1_93' title='bbox 1031 1177 1086 1225; x_wconf 69' lang='lat' dir='ltr'>et</span> <span class='ocrx_word' id='word_1_94' title='bbox 1138 1192 1323 1226; x_wconf 86' lang='lat' dir='ltr'>rursus</span> <span class='ocrx_word' id='word_1_95' title='bbox 1387 1172 1670 1224; x_wconf 86' lang='lat' dir='ltr'>dimidium</span> <span class='ocrx_word' id='word_1_96' title='bbox 1729 1174 1783 1224; x_wconf 70' lang='lat' dir='ltr'>eb</span> 
     </span>
     <span class='ocr_line' id='line_1_14' title="bbox 76 1261 1784 1332; baseline -0.001 -17"><span class='ocrx_word' id='word_1_97' title='bbox 76 1262 222 1315; x_wconf 87' lang='lat' dir='ltr'>idern</span> <span class='ocrx_word' id='word_1_98' title='bbox 262 1281 474 1331; x_wconf 90' lang='lat' dir='ltr'>semper</span> <span class='ocrx_word' id='word_1_99' title='bbox 513 1262 763 1332; x_wconf 85' lang='lat' dir='ltr'>deinceps</span> <span class='ocrx_word' id='word_1_100' title='bbox 802 1263 1112 1331; x_wconf 78' lang='lat' dir='ltr'>fecerimUS‚</span> <span class='ocrx_word' id='word_1_101' title='bbox 1161 1261 1453 1331; x_wconf 87' lang='lat' dir='ltr'>aliquando</span> <span class='ocrx_word' id='word_1_102' title='bbox 1495 1262 1563 1314; x_wconf 92' lang='lat' dir='ltr'>ad</span> <span class='ocrx_word' id='word_1_103' title='bbox 1600 1279 1784 1314; x_wconf 89' lang='lat' dir='ltr'>nume-</span> 
     </span>
     <span class='ocr_line' id='line_1_15' title="bbox 0 1333 1783 1445; baseline -0.002 -41"><span class='ocrx_word' id='word_1_104' title='bbox 0 1333 8 1445; x_wconf 57' lang='lat'><em>{</em></span> <span class='ocrx_word' id='word_1_105' title='bbox 81 1370 202 1404; x_wconf 91' lang='lat' dir='ltr'>rum</span> <span class='ocrx_word' id='word_1_106' title='bbox 233 1352 625 1420; x_wconf 78' lang='lat' dir='ltr'>perueniemUS‚</span> <span class='ocrx_word' id='word_1_107' title='bbox 658 1351 749 1420; x_wconf 92' lang='lat' dir='ltr'>qui</span> <span class='ocrx_word' id='word_1_108' title='bbox 780 1370 1066 1403; x_wconf 87' lang='lat' dir='ltr'>numerum</span> <span class='ocrx_word' id='word_1_109' title='bbox 1092 1356 1145 1403; x_wconf 94' lang='lat' dir='ltr'><em>A</em></span> <span class='ocrx_word' id='word_1_110' title='bbox 1178 1350 1470 1402; x_wconf 84' lang='lat' dir='ltr'>secundum</span> <span class='ocrx_word' id='word_1_111' title='bbox 1498 1367 1783 1402; x_wconf 83' lang='lat' dir='ltr'>numerum</span> 
     </span>
     <span class='ocr_line' id='line_1_16' title="bbox 0 1439 1783 1514; baseline -0.001 -21"><span class='ocrx_word' id='word_1_112' title='bbox 0 1450 3 1514; x_wconf 62' lang='grc' dir='ltr'><em>ῗ</em></span> <span class='ocrx_word' id='word_1_113' title='bbox 84 1459 274 1510; x_wconf 88' lang='lat' dir='ltr'>parem</span> <span class='ocrx_word' id='word_1_114' title='bbox 313 1440 547 1492; x_wconf 78' lang='lat' dir='ltr'>metitur.</span> <span class='ocrx_word' id='word_1_115' title='bbox 610 1458 737 1493; x_wconf 89' lang='lat' dir='ltr'>nam</span> <span class='ocrx_word' id='word_1_116' title='bbox 779 1441 825 1493; x_wconf 91' lang='lat' dir='ltr'>si</span> <span class='ocrx_word' id='word_1_117' title='bbox 864 1441 1057 1509; x_wconf 83' lang='lat' dir='ltr'>minus,</span> <span class='ocrx_word' id='word_1_118' title='bbox 1098 1441 1164 1492; x_wconf 92' lang='lat' dir='ltr'>ad</span> <span class='ocrx_word' id='word_1_119' title='bbox 1204 1440 1477 1492; x_wconf 86' lang='lat' dir='ltr'>binarium</span> <span class='ocrx_word' id='word_1_120' title='bbox 1508 1439 1783 1508; x_wconf 84' lang='lat' dir='ltr'>peruenie-</span> 
     </span>
     <span class='ocr_line' id='line_1_17' title="bbox 0 1527 1782 1598; baseline -0.002 -16"><span class='ocrx_word' id='word_1_121' title='bbox 0 1542 5 1551; x_wconf 77' lang='grc'>’</span> <span class='ocrx_word' id='word_1_122' title='bbox 86 1548 224 1597; x_wconf 78' lang='lat' dir='ltr'>muS,</span> <span class='ocrx_word' id='word_1_123' title='bbox 263 1533 318 1582; x_wconf 75' lang='lat' dir='ltr'>el:</span> <span class='ocrx_word' id='word_1_124' title='bbox 358 1534 410 1581; x_wconf 94' lang='lat' dir='ltr'><em>A</em></span> <span class='ocrx_word' id='word_1_125' title='bbox 449 1548 514 1582; x_wconf 85' lang='lat' dir='ltr'>ex</span> <span class='ocrx_word' id='word_1_126' title='bbox 553 1530 621 1582; x_wconf 93' lang='lat' dir='ltr'>iis</span> <span class='ocrx_word' id='word_1_127' title='bbox 663 1531 779 1598; x_wconf 65' lang='lat' dir='ltr'>eriis,</span> <span class='ocrx_word' id='word_1_128' title='bbox 821 1530 912 1598; x_wconf 89' lang='lat' dir='ltr'>qui</span> <span class='ocrx_word' id='word_1_129' title='bbox 951 1550 981 1582; x_wconf 89' lang='lat' dir='ltr'>a</span> <span class='ocrx_word' id='word_1_130' title='bbox 1011 1529 1224 1582; x_wconf 86' lang='lat' dir='ltr'>binario</span> <span class='ocrx_word' id='word_1_131' title='bbox 1260 1547 1474 1597; x_wconf 81' lang='lat' dir='ltr'>semper</span> <span class='ocrx_word' id='word_1_132' title='bbox 1507 1527 1782 1596; x_wconf 81' lang='lat' dir='ltr'>condupli-</span> 
     </span>
     <span class='ocr_line' id='line_1_18' title="bbox 84 1617 1781 1688; baseline -0.002 -16"><span class='ocrx_word' id='word_1_133' title='bbox 84 1619 255 1672; x_wconf 87' lang='lat' dir='ltr'>cando</span> <span class='ocrx_word' id='word_1_134' title='bbox 279 1619 674 1688; x_wconf 79' lang='lat' dir='ltr'>producuntur3</span> <span class='ocrx_word' id='word_1_135' title='bbox 707 1620 850 1688; x_wconf 90' lang='lat' dir='ltr'>quod</span> <span class='ocrx_word' id='word_1_136' title='bbox 876 1622 958 1671; x_wconf 71' lang='lat' dir='ltr'>est</span> <span class='ocrx_word' id='word_1_137' title='bbox 982 1622 1170 1672; x_wconf 77' lang='lat' dir='ltr'>contra</span> <span class='ocrx_word' id='word_1_138' title='bbox 1193 1617 1560 1687; x_wconf 71' lang='lat' dir='ltr'>hypothesim.</span> <span class='ocrx_word' id='word_1_139' title='bbox 1616 1635 1781 1686; x_wconf 88' lang='lat' dir='ltr'>quare</span> 
     </span>
     <span class='ocr_line' id='line_1_19' title="bbox 79 1707 1784 1778; baseline -0.001 -18"><span class='ocrx_word' id='word_1_140' title='bbox 79 1713 135 1760; x_wconf 95' lang='lat' dir='ltr'><em>A</em></span> <span class='ocrx_word' id='word_1_141' title='bbox 172 1708 377 1778; x_wconf 78' lang='lat' dir='ltr'>pariter</span> <span class='ocrx_word' id='word_1_142' title='bbox 414 1709 591 1776; x_wconf 85' lang='lat' dir='ltr'>impar</span> <span class='ocrx_word' id='word_1_143' title='bbox 629 1708 732 1760; x_wconf 72' lang='lat' dir='ltr'>erit</span> <span class='ocrx_word' id='word_1_144' title='bbox 774 1707 905 1774; x_wconf 87' lang='lat' dir='ltr'><strong>[VII</strong></span> <span class='ocrx_word' id='word_1_145' title='bbox 945 1708 1046 1761; x_wconf 85' lang='lat' dir='ltr'>def.</span> <span class='ocrx_word' id='word_1_146' title='bbox 1087 1708 1158 1775; x_wconf 87' lang='lat'>9].</span> <span class='ocrx_word' id='word_1_147' title='bbox 1223 1707 1313 1760; x_wconf 92' lang='lat' dir='ltr'>sed</span> <span class='ocrx_word' id='word_1_148' title='bbox 1355 1707 1784 1760; x_wconf 69' lang='lat' dir='ltr'>demonstratum</span> 
     </span>
     <span class='ocr_line' id='line_1_20' title="bbox 81 1797 1784 1867; baseline -0.001 -18"><span class='ocrx_word' id='word_1_149' title='bbox 81 1800 187 1865; x_wconf 77' lang='lat' dir='ltr'>est,</span> <span class='ocrx_word' id='word_1_150' title='bbox 238 1797 464 1850; x_wconf 89' lang='lat' dir='ltr'>eundem</span> <span class='ocrx_word' id='word_1_151' title='bbox 515 1797 720 1865; x_wconf 74' lang='lat' dir='ltr'>pariter</span> <span class='ocrx_word' id='word_1_152' title='bbox 766 1816 955 1867; x_wconf 88' lang='lat' dir='ltr'>parem</span> <span class='ocrx_word' id='word_1_153' title='bbox 1004 1816 1136 1850; x_wconf 89' lang='lat' dir='ltr'>esse.</span> <span class='ocrx_word' id='word_1_154' title='bbox 1217 1814 1343 1866; x_wconf 81' lang='lat' dir='ltr'>ergo</span> <span class='ocrx_word' id='word_1_155' title='bbox 1384 1801 1438 1849; x_wconf 92' lang='lat' dir='ltr'><em>A</em></span> <span class='ocrx_word' id='word_1_156' title='bbox 1486 1800 1540 1848; x_wconf 73' lang='lat' dir='ltr'>et</span> <span class='ocrx_word' id='word_1_157' title='bbox 1578 1797 1784 1866; x_wconf 77' lang='lat' dir='ltr'>pariter</span> 
     </span>
    </p>
   </div>
   <div class='ocr_carea' id='block_1_4' title="bbox 81 1885 1782 1957">
    <p class='ocr_par' dir='ltr' id='par_1_4' title="bbox 81 1885 1782 1957">
     <span class='ocr_line' id='line_1_21' title="bbox 81 1885 1782 1957; baseline -0.001 -18"><span class='ocrx_word' id='word_1_158' title='bbox 81 1905 183 1956; x_wconf 87' lang='lat' dir='ltr'>par</span> <span class='ocrx_word' id='word_1_159' title='bbox 231 1890 285 1939; x_wconf 76' lang='lat' dir='ltr'>et</span> <span class='ocrx_word' id='word_1_160' title='bbox 331 1887 533 1956; x_wconf 79' lang='lat' dir='ltr'>pariter</span> <span class='ocrx_word' id='word_1_161' title='bbox 572 1887 749 1955; x_wconf 88' lang='lat' dir='ltr'>impar</span> <span class='ocrx_word' id='word_1_162' title='bbox 788 1893 892 1956; x_wconf 75' lang='lat' dir='ltr'>est3</span> <span class='ocrx_word' id='word_1_163' title='bbox 940 1887 1083 1957; x_wconf 92' lang='lat' dir='ltr'>quod</span> <span class='ocrx_word' id='word_1_164' title='bbox 1123 1890 1241 1939; x_wconf 71' lang='lat' dir='ltr'>erat</span> <span class='ocrx_word' id='word_1_165' title='bbox 1281 1885 1782 1938; x_wconf 71' lang='lat' dir='ltr'>demonstrandum.</span> 
     </span>
    </p>
   </div>
   <div class='ocr_carea' id='block_1_5' title="bbox 819 2049 1040 2104">
    <p class='ocr_par' dir='ltr' id='par_1_5' title="bbox 819 2049 1040 2104">
     <span class='ocr_line' id='line_1_22' title="bbox 819 2049 1040 2104; baseline 0.009 -2"><span class='ocrx_word' id='word_1_166' title='bbox 819 2049 1040 2104; x_wconf 90' lang='lat' dir='ltr'>XXXV.</span> 
     </span>
    </p>
   </div>
   <div class='ocr_carea' id='block_1_6' title="bbox 83 2153 1785 2312">
    <p class='ocr_par' dir='ltr' id='par_1_6' title="bbox 83 2153 1785 2312">
     <span class='ocr_line' id='line_1_23' title="bbox 197 2153 1785 2224; baseline -0.002 -17"><span class='ocrx_word' id='word_1_167' title='bbox 197 2153 253 2207; x_wconf 83' lang='lat' dir='ltr'>Si</span> <span class='ocrx_word' id='word_1_168' title='bbox 301 2154 570 2223; x_wconf 74' lang='lat' dir='ltr'>quotlibet</span> <span class='ocrx_word' id='word_1_169' title='bbox 615 2156 831 2208; x_wconf 88' lang='lat' dir='ltr'>numeri</span> <span class='ocrx_word' id='word_1_170' title='bbox 872 2154 1122 2224; x_wconf 86' lang='lat' dir='ltr'>deinceps</span> <span class='ocrx_word' id='word_1_171' title='bbox 1165 2153 1600 2223; x_wconf 72' lang='lat' dir='ltr'>proportionales</span> <span class='ocrx_word' id='word_1_172' title='bbox 1642 2155 1785 2221; x_wconf 70' lang='lat' dir='ltr'>sunt,</span> 
     </span>
     <span class='ocr_line' id='line_1_24' title="bbox 83 2241 1785 2312; baseline -0.001 -16"><span class='ocrx_word' id='word_1_173' title='bbox 83 2247 139 2296; x_wconf 75' lang='lat' dir='ltr'>et</span> <span class='ocrx_word' id='word_1_174' title='bbox 188 2263 220 2296; x_wconf 93' lang='lat' dir='ltr'>a</span> <span class='ocrx_word' id='word_1_175' title='bbox 269 2243 500 2296; x_wconf 84' lang='lat' dir='ltr'>seeundo</span> <span class='ocrx_word' id='word_1_176' title='bbox 550 2247 604 2295; x_wconf 74' lang='lat' dir='ltr'>et</span> <span class='ocrx_word' id='word_1_177' title='bbox 651 2244 843 2296; x_wconf 71' lang='lat' dir='ltr'>ultimo</span> <span class='ocrx_word' id='word_1_178' title='bbox 892 2244 1108 2296; x_wconf 86' lang='lat' dir='ltr'>numeri</span> <span class='ocrx_word' id='word_1_179' title='bbox 1146 2243 1321 2312; x_wconf 87' lang='lat' dir='ltr'>primo</span> <span class='ocrx_word' id='word_1_180' title='bbox 1365 2241 1618 2311; x_wconf 85' lang='lat' dir='ltr'>aequales</span> <span class='ocrx_word' id='word_1_181' title='bbox 1660 2241 1785 2294; x_wconf 88' lang='lat' dir='ltr'>sub-</span> 
     </span>
    </p>
   </div>
   <div class='ocr_carea' id='block_1_7' title="bbox 84 2341 441 2347">
    <p class='ocr_par' dir='ltr' id='par_1_7' title="bbox 84 2341 441 2347">
     <span class='ocr_line' id='line_1_25' title="bbox 84 2341 441 2347; baseline 0 0"><span class='ocrx_word' id='word_1_182' title='bbox 84 2341 441 2347; x_wconf 95' lang='lat' dir='ltr'> </span> 
     </span>
    </p>
   </div>
   <div class='ocr_carea' id='block_1_8' title="bbox 79 2372 1787 2551">
    <p class='ocr_par' dir='ltr' id='par_1_8' title="bbox 79 2372 1787 2551">
     <span class='ocr_line' id='line_1_26' title="bbox 204 2372 1785 2432; baseline -0.001 -14"><span class='ocrx_word' id='word_1_183' title='bbox 204 2377 246 2430; x_wconf 91' lang='lat'>1)</span> <span class='ocrx_word' id='word_1_184' title='bbox 278 2374 433 2432; x_wconf 89' lang='lat' dir='ltr'>Propp</span> <span class='ocrx_word' id='word_1_185' title='bbox 440 2379 596 2419; x_wconf 89' lang='lat'>.—33</span> <span class='ocrx_word' id='word_1_186' title='bbox 603 2380 660 2419; x_wconf 90' lang='grc'>34</span> <span class='ocrx_word' id='word_1_187' title='bbox 692 2374 831 2419; x_wconf 82' lang='lat' dir='ltr'>aliter</span> <span class='ocrx_word' id='word_1_188' title='bbox 863 2374 981 2419; x_wconf 65' lang='lat' dir='ltr'>citass</span> <span class='ocrx_word' id='word_1_189' title='bbox 1012 2374 1300 2419; x_wconf 87' lang='lat' dir='ltr'>Iambliehus</span> <span class='ocrx_word' id='word_1_190' title='bbox 1340 2373 1390 2417; x_wconf 88' lang='lat' dir='ltr'>in</span> <span class='ocrx_word' id='word_1_191' title='bbox 1419 2372 1600 2418; x_wconf 88' lang='lat' dir='ltr'>Nicom</span> <span class='ocrx_word' id='word_1_192' title='bbox 1635 2387 1681 2430; x_wconf 88' lang='lat' dir='ltr'>p.</span> <span class='ocrx_word' id='word_1_193' title='bbox 1714 2377 1785 2418; x_wconf 77' lang='lat'>32.</span> 
     </span>
     <span class='ocr_line' id='line_1_27' title="bbox 79 2431 1787 2551; baseline -0.002 -73"><span class='ocrx_word' id='word_1_194' title='bbox 79 2433 140 2551; x_wconf 60' lang='lat' dir='ltr'>ge</span> <span class='ocrx_word' id='word_1_195' title='bbox 163 2435 417 2551; x_wconf 47' lang='lat' dir='ltr'>llgqcsffloeo</span> <span class='ocrx_word' id='word_1_196' title='bbox 457 2436 505 2478; x_wconf 73' lang='lat' dir='ltr'>et</span> <span class='ocrx_word' id='word_1_197' title='bbox 549 2434 605 2479; x_wconf 88' lang='lat' dir='ltr'>de</span> <span class='ocrx_word' id='word_1_198' title='bbox 645 2433 855 2478; x_wconf 81' lang='lat' dir='ltr'>Euclidis</span> <span class='ocrx_word' id='word_1_199' title='bbox 897 2433 1125 2479; x_wconf 82' lang='lat' dir='ltr'>diuisione</span> <span class='ocrx_word' id='word_1_200' title='bbox 1169 2447 1469 2478; x_wconf 87' lang='lat' dir='ltr'>numerorum</span> <span class='ocrx_word' id='word_1_201' title='bbox 1509 2448 1552 2477; x_wconf 94' lang='lat' dir='ltr'>u.</span> <span class='ocrx_word' id='word_1_202' title='bbox 1589 2431 1787 2476; x_wconf 76' lang='lat' dir='ltr'>Studien</span> 
     </span>
    </p>
   </div>
   <div class='ocr_carea' id='block_1_9' title="bbox 1518 2599 1787 2606">
    <p class='ocr_par' dir='ltr' id='par_1_9' title="bbox 1518 2599 1787 2606">
     <span class='ocr_line' id='line_1_28' title="bbox 1518 2599 1787 2606; baseline 0 546"><span class='ocrx_word' id='word_1_203' title='bbox 1518 2599 1787 2606; x_wconf 95' lang='lat' dir='ltr'> </span> 
     </span>
    </p>
   </div>
   <div class='ocr_carea' id='block_1_10' title="bbox 82 2633 1785 2879">
    <p class='ocr_par' dir='ltr' id='par_1_10' title="bbox 82 2633 1785 2879">
     <span class='ocr_line' id='line_1_29' title="bbox 82 2633 1785 2708; baseline -0.003 -22"><span class='ocrx_word' id='word_1_204' title='bbox 82 2638 326 2697; x_wconf 84' lang='grc' dir='ltr'><strong><em>περισσόν,</em></strong></span> <span class='ocrx_word' id='word_1_205' title='bbox 374 2635 428 2692; x_wconf 80' lang='grc' dir='ltr'>ὃς</span> <span class='ocrx_word' id='word_1_206' title='bbox 467 2637 685 2698; x_wconf 80' lang='grc' dir='ltr'><em>μετρήσει</em></span> <span class='ocrx_word' id='word_1_207' title='bbox 722 2638 806 2685; x_wconf 86' lang='grc' dir='ltr'>τὸν</span> <span class='ocrx_word' id='word_1_208' title='bbox 845 2645 881 2684; x_wconf 92' lang='grc' dir='ltr'><em>Α</em></span> <span class='ocrx_word' id='word_1_209' title='bbox 921 2636 1045 2685; x_wconf 75' lang='grc' dir='ltr'><strong><em>κατὰ</em></strong></span> <span class='ocrx_word' id='word_1_210' title='bbox 1095 2636 1260 2697; x_wconf 79' lang='grc' dir='ltr'><strong><em>ἄρτιον</em></strong></span> <span class='ocrx_word' id='word_1_211' title='bbox 1307 2633 1519 2696; x_wconf 74' lang='grc' dir='ltr'>ἀριθμόν</span> <span class='ocrx_word' id='word_1_212' title='bbox 1558 2638 1785 2708; x_wconf 85' lang='lat' dir='ltr'>(BFVq).</span> 
     </span>
     <span class='ocr_line' id='line_1_30' title="bbox 84 2692 1784 2759; baseline -0.002 -14"><span class='ocrx_word' id='word_1_213' title='bbox 84 2706 153 2746; x_wconf 85' lang='grc'>15.</span> <span class='ocrx_word' id='word_1_214' title='bbox 193 2697 559 2758; x_wconf 80' lang='grc' dir='ltr'><strong><em>καταντήσωμεν</em></strong></span> <span class='ocrx_word' id='word_1_215' title='bbox 599 2701 679 2759; x_wconf 73' lang='lat' dir='ltr'>P2,</span> <span class='ocrx_word' id='word_1_216' title='bbox 727 2716 901 2744; x_wconf 80' lang='grc' dir='ltr'><strong><em>καταν-</em></strong></span> <span class='ocrx_word' id='word_1_217' title='bbox 938 2699 988 2743; x_wconf 92' lang='lat' dir='ltr'>in</span> <span class='ocrx_word' id='word_1_218' title='bbox 1028 2713 1116 2743; x_wconf 84' lang='lat' dir='ltr'>ras.</span> <span class='ocrx_word' id='word_1_219' title='bbox 1157 2715 1218 2744; x_wconf 88' lang='lat' dir='ltr'>m.</span> <span class='ocrx_word' id='word_1_220' title='bbox 1258 2704 1284 2743; x_wconf 80' lang='lat'>2</span> <span class='ocrx_word' id='word_1_221' title='bbox 1325 2699 1381 2743; x_wconf 92' lang='lat' dir='ltr'>V.</span> <span class='ocrx_word' id='word_1_222' title='bbox 1537 2703 1605 2742; x_wconf 85' lang='lat'>16.</span> <span class='ocrx_word' id='word_1_223' title='bbox 1648 2692 1784 2755; x_wconf 76' lang='grc' dir='ltr'>ὥστε]</span> 
     </span>
     <span class='ocr_line' id='line_1_31' title="bbox 82 2754 1784 2818; baseline -0.002 -14"><span class='ocrx_word' id='word_1_224' title='bbox 82 2774 239 2812; x_wconf 80' lang='grc' dir='ltr'><strong><em>ωσπερ</em></strong></span> <span class='ocrx_word' id='word_1_225' title='bbox 271 2761 342 2818; x_wconf 70' lang='lat' dir='ltr'>P2.</span> <span class='ocrx_word' id='word_1_226' title='bbox 437 2765 506 2806; x_wconf 77' lang='lat'>17.</span> <span class='ocrx_word' id='word_1_227' title='bbox 539 2766 574 2804; x_wconf 88' lang='lat' dir='ltr'><em>A</em></span> <span class='ocrx_word' id='word_1_228' title='bbox 607 2761 694 2804; x_wconf 79' lang='grc' dir='ltr'>καί</span> <span class='ocrx_word' id='word_1_229' title='bbox 720 2759 857 2816; x_wconf 90' lang='lat' dir='ltr'>BVq.</span> <span class='ocrx_word' id='word_1_230' title='bbox 950 2756 1169 2815; x_wconf 81' lang='grc' dir='ltr'><em>περισσός</em></span> <span class='ocrx_word' id='word_1_231' title='bbox 1194 2784 1250 2792; x_wconf 93' lang='lat'>-</span> <span class='ocrx_word' id='word_1_232' title='bbox 1276 2754 1490 2813; x_wconf 74' lang='grc' dir='ltr'><em>ἀρτιάκις</em></span> <span class='ocrx_word' id='word_1_233' title='bbox 1522 2770 1704 2801; x_wconf 84' lang='lat' dir='ltr'>m.1·.ec</span> <span class='ocrx_word' id='word_1_234' title='bbox 1735 2757 1784 2800; x_wconf 90' lang='lat' dir='ltr'>B.</span> 
     </span>
     <span class='ocr_line' id='line_1_32' title="bbox 86 2815 1783 2879; baseline -0.002 -16"><span class='ocrx_word' id='word_1_235' title='bbox 86 2823 155 2864; x_wconf 85' lang='lat'>18.</span> <span class='ocrx_word' id='word_1_236' title='bbox 181 2819 246 2878; x_wconf 86' lang='lat' dir='ltr'>A]</span> <span class='ocrx_word' id='word_1_237' title='bbox 276 2826 318 2863; x_wconf 90' lang='grc' dir='ltr'><em>Δ</em></span> <span class='ocrx_word' id='word_1_238' title='bbox 343 2837 393 2876; x_wconf 82' lang='grc' dir='ltr'>φ.</span> <span class='ocrx_word' id='word_1_239' title='bbox 487 2820 565 2879; x_wconf 84' lang='grc' dir='ltr'>τε]</span> <span class='ocrx_word' id='word_1_240' title='bbox 594 2834 681 2865; x_wconf 89' lang='lat' dir='ltr'>om.</span> <span class='ocrx_word' id='word_1_241' title='bbox 709 2819 831 2877; x_wconf 74' lang='lat' dir='ltr'>VP2.</span> <span class='ocrx_word' id='word_1_242' title='bbox 925 2823 994 2863; x_wconf 81' lang='lat'>22.</span> <span class='ocrx_word' id='word_1_243' title='bbox 1022 2819 1101 2878; x_wconf 84' lang='grc' dir='ltr'>τε]</span> <span class='ocrx_word' id='word_1_244' title='bbox 1127 2819 1210 2863; x_wconf 83' lang='grc' dir='ltr'>τοῦ</span> <span class='ocrx_word' id='word_1_245' title='bbox 1238 2835 1274 2875; x_wconf 84' lang='grc' dir='ltr'><strong><em>φ</em></strong></span> <span class='ocrx_word' id='word_1_246' title='bbox 1300 2821 1409 2874; x_wconf 90' lang='lat' dir='ltr'>(non</span> <span class='ocrx_word' id='word_1_247' title='bbox 1433 2817 1502 2874; x_wconf 87' lang='lat' dir='ltr'>F),</span> <span class='ocrx_word' id='word_1_248' title='bbox 1529 2830 1617 2861; x_wconf 86' lang='lat' dir='ltr'>om.</span> <span class='ocrx_word' id='word_1_249' title='bbox 1643 2815 1783 2871; x_wconf 92' lang='lat' dir='ltr'>BVq.</span> 
     </span>
    </p>
   </div>
  </div>
 </body>
</html>
