1988 3152
958 801 1149 876 Ὅροι.

327 907 401 964 α’.
441 908 679 973 Μονάς
731 909 906 978 ἐστιν,
962 904 1094 962 καθ’
1153 903 1225 977 ἣν
1279 908 1510 978 ἕκαστον
1559 909 1672 963 τῶν
1730 904 1910 962 ὄντων

213 1001 275 1054 ἓν
315 998 544 1067 λέγεται.

328 1085 401 1156 β’.
436 1083 744 1156 Ἀριθμὲς
815 1084 876 1140 δὲ
944 1083 1007 1139 τὸ
1081 1085 1139 1139 ἐκ
1216 1082 1483 1155 μονάδων
1546 1088 1911 1154 συγκείμενον

157 1190 183 1230 5
215 1177 448 1246 πλῆθος.

328 1263 404 1335 γ’.
444 1263 636 1333 Μέρος
676 1262 825 1318 ἐστὶν
865 1260 1111 1333 ἀριθμὸς
1150 1260 1399 1334 ἀριθμοῦ
1440 1259 1469 1318 ὁ
1519 1261 1771 1317 ἐλάσσων
1810 1263 1912 1315 τοῦ

222 1356 499 1423 μείζονος,
541 1352 676 1408 ὅταν
715 1354 1024 1423 καταμετρῇ
1065 1349 1166 1407 τὸν
1206 1356 1445 1421 μείζονα.

333 1441 405 1496 δ’.
447 1442 634 1514 ΙἈέρη
678 1442 763 1510 δέ,
805 1440 940 1496 ὅταν
981 1440 1054 1512 μὴ
1097 1443 1422 1513 καταμετρῇ.

331 1528 394 1585 ε’.
435 1529 949 1594 Πολλαπλάσιος
1005 1527 1066 1584 δὲ
1114 1526 1143 1584 ὁ
1193 1533 1392 1599 μείζων
1441 1532 1542 1584 τοῦ
1592 1527 1915 1596 ἐλάσσονος,

131 1634 186 1673 10
220 1619 358 1675 ὅταν
396 1622 798 1690 καταμετρῆται
837 1615 947 1674 ὑπὸ
988 1621 1090 1673 τοῦ
1130 1617 1447 1682 ἐλάσσονος.

336 1706 404 1766 ς’.
430 1705 689 1780 ’Ἀρτιος
740 1704 1028 1781 ἀριθμός
1077 1708 1227 1762 ἐστιν
1268 1703 1297 1762 ὁ
1340 1710 1467 1778 δίχα
1508 1704 1916 1778 διαιρούμενος.

338 1795 397 1863 ζ’.
439 1793 770 1867 Περισσὸς
818 1795 880 1851 δὲ
929 1793 958 1851 ὁ
1012 1793 1085 1866 μὴ
1135 1794 1528 1866 διαιρούμενος
1580 1797 1706 1866 δίχα
1753 1790 1786 1864 ἢ
1839 1790 1918 1862 [ὁ]

219 1884 426 1957 μονάδι
466 1885 751 1955 διαφέρων
791 1882 989 1956 ἀρτίου
1028 1880 1294 1955 ἀριθμοῦ.

335 1972 409 2045 η’.
445 1970 770 2045 Ἀρτιάκις
840 1971 1065 2045 ἄρτιος
1134 1971 1422 2045 ἀριθμός
1493 1973 1642 2027 ἐστιν
1706 1968 1735 2026 ὁ
1806 1968 1916 2026 ὑπὸ

139 2077 193 2117 15
227 2061 422 2136 ἀρτίου
462 2060 712 2134 ἀριθμοῦ
752 2060 1126 2133 μετρούμενος
1164 2059 1301 2116 κατὰ
1341 2059 1537 2132 ἄρτιον
1578 2057 1843 2132 ἀριθμόν.

332 2150 412 2207 θ’.
447 2149 770 2223 Ἀρτιάκις
818 2149 880 2206 δὲ
925 2148 1236 2221 περισσός
1284 2151 1433 2205 ἐστιν
1486 2147 1515 2204 ὁ
1563 2146 1672 2204 ὑπὸ
1722 2146 1922 2220 ἀρτίου

225 2238 477 2312 ἀριθμοῦ
519 2239 891 2311 μετρούμενος
928 2237 1066 2294 κατὰ
1105 2237 1373 2311 περισσὸν
1413 2235 1678 2310 ἀριθμόν.

341 2403 443 2448 Des.
470 2406 607 2447 3—5:
640 2402 821 2448 Psellus
844 2417 889 2459 p.
918 2407 957 2447 7.
1021 2406 1158 2447 6—7:
1191 2400 1450 2445 Martianus
1476 2399 1667 2457 Capella
1690 2399 1791 2455 VII,
1818 2403 1917 2444 748.

225 2468 264 2508 8.
297 2461 583 2507 lamblichus
623 2461 671 2505 in
703 2460 886 2507 Nicom.
918 2477 964 2519 p.
997 2465 1066 2506 27.
1131 2459 1313 2517 Philop.
1346 2459 1396 2503 in
1427 2458 1607 2504 Nicom.
1651 2458 1722 2503 ed.
1755 2458 1922 2503 Hoehe

228 2526 343 2567 1864
373 2537 420 2580 p.
456 2526 523 2566 16.
587 2526 626 2565 9.
660 2520 944 2565 lamblichus
975 2535 1020 2578 p.
1054 2525 1123 2565 31.

346 2689 384 2728 1.
420 2678 548 2741 ὅροι]
591 2697 678 2728 om.
720 2683 818 2727 PB.
858 2696 1076 2727 numeros
1118 2695 1206 2726 om.
1247 2680 1377 2726 codd.
1528 2685 1568 2724 2.
1604 2676 1702 2725 ἔστι
1732 2679 1918 2737 PBFp.

226 2739 307 2800 ἥν]
334 2738 360 2787 ὅ
382 2740 531 2787 BFV.
656 2747 724 2788 10.
760 2738 1004 2794 ἐλάττονος
1027 2741 1082 2786 V.
1207 2745 1276 2785 12.
1310 2735 1364 2798 ὁ]
1392 2753 1481 2784 om.
1507 2738 1555 2783 P.
1681 2743 1750 2783 14.
1775 2754 1917 2796 προσ-

225 2799 574 2848 υπακουστέον·
608 2798 756 2860 μόνον
787 2801 823 2845 Ρ
854 2816 948 2858 mg.
980 2815 1042 2845 m.
1077 2805 1115 2845 1.
1212 2804 1280 2844 16.
1314 2795 1461 2857 ἔστιν]
1487 2794 1694 2855 ἀριθμός
1719 2795 1843 2842 ἐστιν
1866 2797 1919 2853 Ρ,

227 2857 351 2906 ἔστιν
368 2857 575 2919 ἀριθμός
589 2876 634 2918 p.
698 2858 953 2905 κάνταῦθα
978 2856 1444 2917 προσυπακουστέον·
1468 2855 1616 2915 μόνον
1631 2871 1725 2915 mg.
1743 2872 1802 2901 m.
1824 2862 1846 2900 1
1866 2857 1919 2902 P.

225 2921 310 2966 τοῦ
343 2917 505 2979 ἀρτίου
538 2920 694 2965 deleto
726 2920 809 2964 τοῦ
841 2919 897 2964 V.
