1988 3152
159 649 186 688 5

130 1090 187 1131 10

131 1531 185 1571 15

126 2019 184 2059 20

125 2466 184 2508 25

219 155 330 210 244
851 157 1186 201 ΣΤοῙΧΕΙΩΝ
1216 153 1273 211 ζ’.

217 281 272 329 A
281 319 296 345 Ι
325 280 399 345 Β,
449 273 542 329 καὶ
598 270 628 329 5
684 281 738 329 A
791 273 994 330 ἑαυτὸν
1047 273 1152 345 μὲν
1189 275 1676 342 πολλαπλασιάσας
1720 275 1822 332 τὸν
1868 281 1922 332 Γ

217 366 467 429 ποιείτω,
520 360 620 417 τὸν
676 361 739 417 δὲ
787 367 842 417 Γ
888 361 1376 429 πολλαπλασιάσας
1421 362 1521 419 τὸν
1569 371 1625 419 Δ
1670 370 1913 436 ποιείτω,

219 447 249 505 5
298 450 361 505 δὲ
406 456 454 505 Β
502 448 706 505 ἑαυτὸν
752 449 855 521 μὲν
899 451 1390 517 πολλαπλασιάσας
1434 450 1535 507 τὸν
1583 458 1636 507 Ε
1670 457 1913 524 ποιείτω,

215 536 318 593 τὸν
358 537 421 593 δὲ
460 545 513 593 Ε
546 538 1035 604 πολλαπλασιάσας
1072 538 1174 595 τὸν
1225 546 1271 594 Ζ
1317 545 1563 596 ποιείτω·
1609 542 1779 612 λέγω,
1829 540 1915 597 ὅτι

219 627 278 681 οἵ
311 647 370 681 τε
408 631 468 699 Γ,
500 633 554 682 Ε
587 628 681 682 καὶ
721 629 779 683 οἱ
815 634 894 698 Δ,
929 634 974 682 Ζ
1012 631 1222 701 πρῶτοι
1260 626 1401 700 πρὸς
1439 628 1716 699 ἀλλήλους
1754 633 1913 686 εἰσίν.

323 712 473 769 Ἐπεὶ
517 713 626 787 γὰρ
679 717 739 770 οἱ
781 722 859 785 A,
892 722 940 771 Β
985 719 1196 787 πρῶτοι
1242 713 1381 788 πρὸς
1427 711 1704 787 ἀλλήλους
1749 721 1911 789 εἰσίν,

215 802 310 857 καὶ
363 799 392 857 5
447 809 502 857 A
555 801 759 858 ’ἑαυτὸν
812 803 1304 868 πολλαπλασιάσας
1349 801 1449 859 τὸν
1495 809 1549 859 Γ
1595 808 1913 876 πεπόίηκεν,

218 891 278 944 οἱ
314 895 375 960 Γ,
407 897 455 945 Β
502 889 613 963 ἄρα
658 894 868 963 πρῶτοι
914 890 1053 963 πρὸς
1092 889 1369 963 ἀλλήλους
1414 896 1572 948 εἰσίν.
1650 894 1767 948 ἐπεὶ
1808 887 1914 950 οὖν

218 979 278 1032 οἱ
311 982 374 1047 Γ,
407 983 456 1032 Β
495 981 704 1049 πρῶτοι
742 977 883 1051 πρὸς
921 977 1196 1050 ἀλλήλους
1235 983 1397 1051 εἰσίν,
1436 982 1529 1037 καὶ
1569 979 1599 1037 5
1632 987 1679 1036 Β
1713 980 1912 1038 ἑαυτὸν

217 1065 707 1132 πολλαπλασιάσας
744 1065 845 1123 τὸν
884 1073 937 1121 Ε
972 1072 1297 1139 πεποίηκεν,
1339 1071 1397 1123 oc
1431 1074 1495 1139 Γ,
1531 1075 1583 1123 Ε
1617 1068 1726 1142 ἄρα
1766 1074 1912 1142 πρῶ-

216 1176 303 1210 τοι
348 1153 486 1226 πρὸς
531 1154 806 1226 ἀλλήλους
852 1159 1011 1211 εἰσίν.
1086 1155 1275 1227 πάλιν,
1316 1157 1432 1212 ἐπεὶ
1472 1159 1530 1212 οἱ
1572 1165 1642 1228 Α,
1680 1165 1726 1213 Β
1766 1162 1914 1230 πρῶ-

216 1264 302 1299 τοι
341 1241 479 1315 πρὸς
524 1241 802 1314 ἀλλήλους
848 1247 991 1299 εἰσίν
1005 1287 1021 1315 ,
1068 1245 1161 1299 καὶ
1201 1242 1231 1300 5
1272 1250 1320 1299 Β
1361 1243 1562 1300 ἑαυτὸν
1601 1251 1913 1302 πολλαπλα-

218 1330 415 1397 σιάσας
459 1330 561 1387 τὸν
609 1338 662 1386 Ε
703 1337 1032 1403 πεποίηκεν,
1082 1335 1140 1387 οἱ
1177 1339 1255 1403 Α,
1289 1339 1341 1387 Ε
1376 1332 1486 1405 ἄρα
1525 1337 1736 1405 πρῶτοι
1775 1333 1915 1406 πρὸς

216 1416 494 1490 ἀλλήλους
543 1423 700 1476 εἰσίν.
786 1421 902 1476 ἐπεὶ
944 1414 1049 1476 οὗν
1099 1421 1203 1475 δύο
1235 1420 1473 1494 ἀριθμοὶ
1506 1424 1565 1476 οἶ
1593 1430 1659 1493 Α,
1691 1427 1746 1477 Γ
1775 1421 1914 1495 πρὸς

220 1508 322 1563 δύο
374 1507 656 1580 ἀριθμοὺς
708 1508 840 1575 τοὺς
886 1516 963 1579 Β,
996 1515 1048 1564 Ε
1099 1508 1406 1582 ἀμφότεροι
1457 1509 1596 1583 πρὸς
1647 1510 1912 1583 ἑκάτερον

215 1597 435 1666 πρῶτοί
468 1601 639 1668 εἰσιν,
679 1597 772 1652 καὶ
813 1595 842 1653 5
886 1599 944 1653 ἐκ
975 1600 1089 1652 τῶν
1121 1605 1193 1668 A,
1226 1603 1279 1653 Γ
1304 1596 1413 1669 ἄρα
1443 1597 1743 1669 γενόμενος
1774 1597 1915 1671 πρὸς

215 1683 317 1740 τὸν
357 1686 416 1740 ἐκ
454 1688 566 1740 τῶν
606 1691 680 1756 Β,
723 1692 775 1741 Ε
809 1685 1027 1758 πρῶτός
1067 1687 1232 1741 ἐστιν.
1309 1691 1407 1741 καί
1442 1688 1593 1742 ἐστιν
1635 1685 1664 1742 5
1711 1686 1814 1758 μὲν
1854 1688 1913 1742 ἐκ

216 1776 328 1828 τῶν
376 1772 610 1844 Α,Γὸ
660 1782 739 1839 Δ,
789 1773 818 1830 5
868 1774 929 1830 δὲ
976 1776 1035 1830 ἐκ
1081 1778 1196 1830 τῶν
1246 1773 1574 1845 Β,ΕὸΖ.
1652 1779 1913 1846 οίΔ,Ζ

216 1859 326 1934 ἄρα
364 1866 572 1934 πρῶτοι
611 1862 751 1934 πρὸς
790 1861 1068 1935 ἀλλήλους
1107 1867 1272 1919 εἰσίν·
1315 1863 1449 1936 ὅπερ
1491 1867 1604 1919 ἔδει
1645 1867 1834 1932 δεῖξαι.

1006 2017 1114 2066 κη.

322 2095 468 2153 Ἐὰν
533 2098 653 2154 δύο
717 2094 996 2170 ἀριθμοὶ
1059 2102 1305 2171 πρῶτοι
1366 2098 1529 2171 πρὸς
1582 2096 1909 2171 ἀλλήλους

217 2179 405 2251 ὦσιν,
445 2187 553 2240 καὶ
594 2188 1098 2259 συναμφότερος
1136 2185 1298 2259 πρὸς
1337 2188 1650 2259 ἑκάτερον
1691 2185 1908 2244 αὐτῶν

215 2278 469 2347 πρῶτος
507 2278 713 2330 ἔσται·
766 2277 874 2331 καὶ
916 2275 1030 2332 ἐὰν
1063 2277 1569 2348 συναμφότερος
1600 2275 1763 2348 πρὸς
1794 2278 1908 2332 ἕνα

214 2361 363 2418 τινὰ
404 2361 621 2418 αὐτῶν
661 2367 914 2434 πρῶτος
951 2357 1014 2437 ᾗ,
1054 2364 1163 2419 καὶ
1205 2367 1271 2419 οί
1300 2365 1362 2430 ἐξ
1395 2361 1596 2436 ἀρχῆς
1628 2362 1907 2437 ἀριθμοὶ

215 2441 459 2523 πρῶτοι
499 2451 660 2522 πρὸς
698 2450 1027 2523 ἀλλήλους
1066 2456 1345 2507 ἔσονται.

326 2545 772 2610 Συγκείσθωσαν
803 2540 911 2613 γὰρ
945 2541 1050 2597 δύο
1083 2539 1317 2613 ἀριθμοὶ
1345 2543 1552 2612 πρῶτοι
1577 2539 1716 2613 πρὸς
1739 2539 1907 2612 ἀλλή-

214 2633 348 2691 λους
387 2630 445 2682 οἱ
479 2634 605 2698 ΑΒ,
646 2634 768 2684 ΒΓ·
823 2630 984 2699 λέγω,
1025 2627 1110 2684 ὅτι
1149 2629 1241 2683 καὶ
1280 2629 1700 2701 συναμφότερος
1739 2626 1768 2684 5
1799 2633 1912 2683 ΑΓ

214 2713 353 2788 πρὸς
393 2715 655 2788 ἑκάτερον
693 2719 806 2772 τῶν
845 2723 974 2788 ΑΒ,
1014 2722 1120 2772 ΒΓ
1155 2717 1372 2788 πρῶτός
1409 2718 1573 2772 ἐστιν.

214 2822 416 2829 ——-—--

336 2869 374 2907 1.
410 2862 525 2933 μέν]
559 2878 648 2908 om.
682 2864 785 2919 ch.
907 2870 948 2908 2.
980 2865 1204 2923 ποιείτω]
1245 2869 1380 2908 ποιεῖ
1410 2879 1454 2920 p.
1516 2865 1706 2908 ποιείτω
1746 2860 1829 2907 τὸν
1860 2867 1902 2907 Δ

217 2922 303 2979 ch
347 2881 564 2980 (ποιήτω,
605 2922 688 2968 sed
727 2937 864 2979 corn,
905 2926 974 2980 φ).
1127 2929 1167 2969 3.
1200 2921 1316 2981 μέν]
1355 2923 1405 2967 in
1435 2936 1521 2967 ras.
1554 2923 1605 2967 P.
1757 2928 1794 2969 5.
1829 2921 1901 2980 τε]
