1988 3152
238 76 308 128 lO
865 75 1203 120 ΣΤΟΙΧΕΙΩΝ
1231 91 1253 120 ε
1264 72 1290 123 ’.

235 207 384 248 σιον
437 193 547 247 καὶ
592 197 817 264 τρίτον
871 193 1211 264 τετάρτου,
1266 186 1300 266 ᾖ
1357 193 1431 249 δὲ
1476 194 1583 249 καὶ
1628 194 1921 265 πέμπτον

235 282 552 352 δευτέρου
606 281 822 347 ἰσάκις
874 282 1374 338 πολλαπλάσιον
1427 283 1535 338 καὶ
1591 284 1779 338 ἕκτον
1826 303 1923 337 τε-

232 368 499 441 τάρτου,
568 369 675 424 καὶ
746 368 1070 426 συντεθὲν
1132 378 1392 442 πρῶτον
1453 370 1561 425 καὶ
1630 370 1921 442 πέμπτον

235 460 551 530 δευτέρου
602 457 819 523 ἰσάκις
865 462 1046 513 ἔσται
1085 456 1583 513 πολλαπλάσιον
1630 458 1737 513 καὶ
1783 462 1922 530 τρί-

175 557 202 597 5
233 566 349 600 τον
386 546 495 601 καὶ
534 547 726 602 ἕκτον
763 546 1096 616 τετάρτου.

343 638 585 706 Πρῶτον
623 634 730 708 γὰρ
769 635 832 691 τὸ
874 641 983 691 ΑΒ
1025 636 1290 708 δευτέρου
1329 638 1430 690 τοῦ
1470 639 1523 690 Γ
1556 633 1737 701 ἰσάκις
1782 639 1920 691 ἔστω

231 722 651 779 πολλαπλάσιον
705 724 797 779 καὶ
851 728 1040 797 τρίτον
1094 724 1156 780 τὸ
1213 730 1332 778 ΛΕ
1381 722 1647 796 τετάρτου
1699 726 1800 778 τοῦ
1857 729 1926 794 Ζ,

231 813 370 865 ἔστω
419 810 481 866 δὲ
525 812 619 866 καὶ
665 813 912 884 πέμπτον
950 811 1014 868 τὸ
1054 818 1178 868 ΒΗ
1210 812 1476 884 δευτέρου
1513 814 1616 867 τοῦ
1656 816 1709 866 Γ
1742 810 1923 877 ἰσάκις

231 899 652 955 πολλαπλάσιον
683 901 776 955 καὶ
809 902 968 955 ἕκτον
999 898 1062 956 τὸ
1095 906 1201 955 ΕΘ
1231 900 1494 971 τετάρτου
1525 902 1626 955 τοῦ
1653 905 1724 954 Ζ·
1760 901 1922 970 λέγω,

146 998 200 1038 10
234 984 319 1041 ὅτι
357 987 449 1042 καὶ
490 988 766 1044 συντεθὲν
804 992 1026 1059 πρῶτον
1064 989 1157 1043 καὶ
1196 989 1444 1059 πέμπτον
1480 987 1543 1044 τὸ
1585 993 1711 1043 ΑΗ
1742 989 1924 1044 δευτέ-

233 1096 338 1146 ρου
375 1079 478 1131 τοῦ
518 1081 572 1131 Γ
603 1076 786 1142 ἰσάκις
824 1081 976 1132 ἔσται
1014 1077 1435 1133 πολλαπλάσιον
1472 1078 1565 1132 καὶ
1603 1082 1794 1150 τρίτον
1831 1077 1924 1132 καὶ

233 1166 394 1220 ἕκτον
433 1164 496 1221 τὸ
539 1172 594 1221 A
603 1171 650 1220 Θ
688 1164 952 1237 τετάρτου
989 1169 1092 1221 τοῦ
1133 1172 1194 1222 Ζ.

337 1255 486 1310 Ἐπεὶ
536 1252 642 1326 γὰρ
691 1253 872 1324 ἰσάκις
919 1253 1034 1310 ἐστὶ
1088 1254 1508 1311 πολλαπλάσιον
1563 1253 1624 1310 τὸ
1675 1260 1790 1310 ΑΒ·
1822 1257 1925 1311 τοῦ

234 1348 288 1399 Γ
317 1344 410 1399 καὶ
448 1342 511 1399 τὸ
553 1349 670 1399 ΔΕ
704 1346 805 1398 τοῦ
847 1349 919 1413 Ζ,
967 1339 1071 1398 ὅσα
1119 1341 1228 1410 ἄρα
1275 1344 1426 1399 ἐστὶν
1466 1345 1527 1400 ἐν
1566 1347 1640 1419 τῷ
1683 1349 1791 1398 ΑΒ
1832 1350 1925 1398 ἴσα

150 1449 204 1490 15
235 1436 311 1508 τῷ
359 1438 432 1503 Γ,
477 1435 723 1489 τοσαῦτα
776 1431 869 1486 καὶ
919 1432 980 1486 ἐν
1026 1434 1100 1507 τῷ
1154 1438 1270 1487 ΔΕ
1322 1438 1414 1487 ἴσα
1460 1436 1534 1508 τῷ
1585 1439 1644 1488 Z.
1717 1431 1809 1488 διὰ
1857 1430 1923 1488 τὰ

234 1518 375 1576 αὐτὰ
416 1519 486 1592 δὴ
519 1521 611 1576 καὶ
652 1518 758 1576 ὅσα
798 1520 948 1575 ἐστὶν
990 1521 1051 1575 έν
1090 1523 1164 1595 τῷ
1205 1526 1328 1575 ΒΗ
1353 1527 1446 1575 ἴσα
1477 1524 1551 1596 τῷ
1586 1526 1651 1591 Γ,
1679 1524 1924 1577 τοσαῦτα

232 1609 325 1664 καὶ
374 1611 434 1664 ἐν
480 1613 556 1685 τῷ
598 1615 702 1665 ΕΘ
741 1616 837 1664 ἴσα
875 1612 951 1684 τῷ
992 1615 1061 1663 Ζ·
1111 1607 1217 1664 ὅσα
1255 1608 1366 1682 ἄρα
1406 1609 1556 1665 ἐστὶν
1597 1610 1658 1665 ἐν
1698 1608 1809 1685 ὅλῳ
1850 1612 1925 1682 τῷ

233 1704 361 1753 AH
393 1705 487 1753 ἴσα
526 1701 601 1775 τςό
635 1704 699 1770 Γ,
729 1700 973 1763 τοσαῦτα
1005 1697 1098 1752 καὶ
1132 1699 1192 1753 ἐν
1226 1695 1337 1773 ὅλῳ
1370 1702 1446 1775 τῷ
1481 1705 1590 1754 ΔΘ
1622 1704 1716 1754 ἴσα
1747 1702 1823 1774 τῷ
1859 1704 1925 1753 Z·

235 1784 582 1844 ὁσαπλάσιον
622 1786 732 1858 ἄρα
772 1786 887 1843 ἐστὶ
924 1785 988 1842 τὸ
1030 1791 1157 1842 ΑΗ
1187 1790 1289 1842 τοῦ
1329 1791 1401 1856 Γ,
1439 1786 1923 1843 τοσαυταπλάσιον

149 1893 207 1933 20
239 1880 390 1932 ἔσται
431 1878 522 1932 καὶ
562 1875 624 1932 τὸ
667 1882 777 1931 ΔΘ
814 1879 917 1931 τοῦ
965 1882 1022 1931 Ζ.
1085 1875 1178 1930 καὶ
1225 1874 1499 1931 συντεθὲν
1546 1874 1657 1945 ἄρα
1701 1877 1926 1947 πρῶτον

232 1964 326 2019 καὶ
379 1966 626 2036 πέμπτον
679 1963 743 2020 τὸ
792 1970 918 2020 ΑΗ
958 1965 1224 2035 δευτέρου
1278 1967 1380 2020 τοῦ
1434 1969 1488 2019 Γ
1536 1963 1720 2029 ἰσάκις
1773 1968 1925 2020 ἔσται

232 2052 652 2109 πολλαπλάσιον
667 2054 759 2109 καὶ
774 2057 963 2123 τρίτον
980 2053 1072 2108 καὶ
1091 2054 1250 2109 ἕκτον
1267 2051 1328 2108 τὸ
1349 2059 1460 2108 ΔΘ
1474 2052 1738 2126 τετάρτου
1750 2055 1851 2108 τοῦ
1867 2058 1927 2108 Ζ.

341 2139 477 2198 Ἐὰν
517 2141 627 2214 ἄρα
665 2145 888 2214 πρῶτον
930 2142 1195 2214 δευτέρου
1227 2140 1409 2207 ἰσάκις
1438 2134 1474 2213 ᾖ
1508 2140 1927 2210 πολλαπλάσιον

233 2230 326 2286 καὶ
387 2235 578 2303 τρίτον
631 2233 924 2303 τετάρτου,
987 2225 1022 2303 ᾗ
1080 2230 1144 2286 δὲ
1203 2229 1297 2284 καὶ
1358 2231 1606 2301 πέμπτον
1662 2230 1927 2301 δευτέρου

149 2336 206 2376 25
239 2319 420 2385 ἰσάκις
442 2319 862 2375 πολλαπλάσιον
893 2319 986 2374 καὶ
1019 2320 1179 2375 ἕκτον
1210 2317 1495 2391 τετάρτου,
1526 2317 1619 2373 καὶ
1653 2317 1928 2373 συντεθὲν

236 2410 461 2480 πρῶτον
499 2410 591 2464 καὶ
631 2410 881 2481 πέμπτον
921 2409 1186 2481 δευτέρου
1220 2407 1402 2474 ἰσάκις
1432 2411 1582 2463 ἔσται
1615 2406 1928 2462 πολλαπλά-

234 2513 360 2553 σιον
399 2498 490 2553 καὶ
530 2503 721 2571 τρίτον
759 2499 852 2554 καὶ
893 2498 1055 2553 ἕκτον
1091 2496 1379 2567 τετάρτου·
1422 2494 1557 2569 ὅπερ
1591 2499 1703 2551 ἔδει
1736 2497 1926 2562 δεῖξαι.

358 2680 398 2719 6.
432 2674 679 2733 δευτέρου]
707 2688 821 2719 corr.
848 2687 903 2718 ex
926 2671 1150 2731 δεύτερον
1174 2674 1228 2717 V.
1342 2679 1407 2718 13.
1442 2669 1566 2718 ἐστίν
1598 2674 1648 2719 Ρ.
1758 2678 1826 2718 16.
1861 2673 1926 2731 Γ]

236 2747 350 2778 corr.
394 2747 449 2778 ex
489 2738 525 2778 A
564 2749 624 2778 m.
666 2739 692 2778 2
735 2733 784 2777 F.
910 2738 979 2778 17.
1020 2734 1135 2792 ΕΘ]
1176 2736 1323 2787 ΕΒφ.
1450 2738 1518 2777 18.
1560 2733 1672 2792 ΔΘ]
1716 2745 1830 2776 corr.
1872 2745 1930 2776 ex

235 2794 332 2836 AH
367 2808 427 2836 m.
474 2801 495 2836 1
539 2793 589 2837 P.
713 2793 769 2851 Z]
803 2806 918 2839 corr.
958 2805 1014 2836 ex
1047 2796 1091 2837 Γ
1117 2807 1178 2838 m.
1215 2798 1238 2836 1
1263 2791 1311 2837 P.
1430 2796 1500 2837 19.
1534 2787 1658 2836 ἐστίν
1689 2791 1738 2835 Ρ.
1855 2795 1927 2835 20.

234 2848 287 2895 τὸ
319 2852 505 2908 πρῶτον
536 2852 586 2897 Ρ.
708 2857 778 2896 21.
815 2850 962 2910 ἔσται]
999 2849 1114 2896 ἔστω
1146 2851 1205 2907 Β,
1240 2847 1335 2895 ἔστι
1367 2866 1410 2908 p.
