1988 3152
123 1237 180 1278 10

119 1697 173 1737 15

121 2149 180 2190 20

203 137 313 192 276
849 139 1186 181 ΣΤοῑΧΕῙῼΝ
1216 134 1282 194 η’.

205 253 481 327 ἀλλήλους
521 248 687 326 αἷσιν,
740 255 1026 327 ἐλάχιστοί
1062 237 1171 311 εἰσι
1207 259 1322 312 τῶν
1359 255 1460 312 τὸν
1509 254 1685 313 αὐτὸν
1734 256 1907 328 λόγον

205 343 453 417 ἐχόντων
490 341 696 410 αὐτοῖς.
768 347 827 400 οἰ
862 349 933 414 Γ,
970 351 1056 414 A,
1090 350 1144 399 Ε
1179 343 1291 416 ἄρα
1330 346 1422 401 καὶ
1463 347 1521 401 οἷ
1558 353 1621 416 Ζ,
1654 351 1727 414 Η,
1760 352 1823 415 Θ,
1855 351 1914 400 Κ

205 432 491 504 ἐλάχιστοί
542 436 647 488 εἰσι
711 435 825 488 τῶν
878 430 981 488 τὸν
1035 431 1212 489 αὐτὸν
1267 433 1441 505 λόγον
1493 433 1739 505 ἐχόντων
1792 445 1910 499 τοῖς

206 529 283 591 Α,
317 527 387 576 Β·
429 521 566 594 ὅπερ
608 525 721 578 ἔδει
762 522 953 588 δεῖξαι.

896 683 1222 757 Πόρισμα.

313 785 405 842 Ἐκ
461 786 532 858 δὴ
587 786 794 843 τούτου
849 787 1130 859 φανερόν,
1183 785 1272 843 ὅτι
1328 784 1427 843 ἐὰν
1473 798 1620 859 τρεῖς
1673 784 1907 859 ἀριθμοὶ

205 877 328 947 ἑξῆς
374 873 660 946 ἀνάλογον
710 875 989 947 ἐλάχιστοι
1038 869 1141 932 ὦσι
1194 878 1307 931 τῶν
1358 874 1457 932 τὸν
1506 873 1681 932 αὐτὸν
1736 876 1908 948 λόγον

205 964 450 1036 ἑχόντων
500 962 720 1036 αὐτοῖς,
779 967 836 1021 οἱ
879 963 1043 1036 ἄκροι
1102 962 1294 1021 αὐτῶν
1348 964 1695 1037 τετράγωνοί
1745 968 1907 1036 εἰσιν,

206 1051 308 1108 ἐὰν
349 1052 410 1109 δὲ
450 1054 739 1125 τέσσαρες,
779 1052 961 1124 κύβοι.

1024 1239 1060 1287 γ
1086 1259 1098 1271 .

312 1318 459 1374 Ἐὰν
512 1313 677 1375 ὦσιν
726 1316 1094 1376 ὁποσοιοῦν
1142 1317 1432 1392 ἀριθμοὶ
1480 1318 1628 1391 ἑξῆς
1674 1317 1909 1376 ἀνάλο-

206 1429 325 1479 γον
373 1407 716 1480 ἐλάχιστοι
763 1411 892 1465 τῶν
939 1407 1057 1464 τὸν
1106 1404 1315 1464 αὐτὸν
1371 1407 1573 1479 λόγον
1621 1408 1908 1481 ἐχόντων

207 1493 461 1567 αὐτοῖς,
503 1500 568 1553 οἱ
604 1495 799 1569 ἄκροι
840 1495 1059 1553 αὐτῶν
1101 1499 1350 1569 πρῶτοι
1388 1497 1547 1569 πρὸς
1579 1494 1909 1569 ἀλλήλους

208 1588 402 1641 εἰσίν.

302 1672 597 1731 ’Ἑστωσαν
647 1672 958 1731 ὁποσοιοῦν
1012 1673 1252 1747 ἀριθμοὶ
1302 1674 1426 1746 ἑξῆς
1464 1671 1751 1745 ἀνάλογον
1790 1673 1910 1731 ἐλά-

208 1779 386 1836 χιστοι
424 1766 540 1819 τῶν
592 1762 693 1819 τὸν
745 1761 922 1819 αὐτὸν
976 1762 1152 1834 λόγον
1209 1764 1453 1835 ἐχόντων
1500 1760 1692 1828 αὐτοῖς
1739 1766 1798 1819 οἰ
1840 1770 1911 1834 A,

208 1859 276 1922 Β,
307 1856 372 1922 Γ,
405 1858 479 1906 A·
534 1852 703 1923 λέγω,
755 1850 841 1908 ὅτι
881 1854 940 1907 οἰ
975 1850 1139 1924 ἄκροι
1181 1849 1371 1907 αὐτῶν
1411 1853 1469 1906 οἱ
1504 1858 1575 1922 Α,
1609 1859 1664 1906 A
1702 1855 1910 1924 πρῶτοι

208 1939 349 2013 πρὸς
387 1938 672 2011 ἀλλήλους
713 1943 874 1996 εἰσίν.

323 2027 713 2100 Εἰλήφθωσαν
769 2027 879 2102 γὰρ
929 2028 1033 2085 δύο
1083 2028 1186 2100 μὲν
1233 2027 1470 2100 ἀριθμοὶ
1526 2027 1803 2100 ἐλάχιστοι
1850 2031 1912 2085 ἐν

210 2122 285 2194 τῷ
325 2121 440 2174 τῶν
481 2126 550 2189 Α,
585 2123 650 2187 Β,
683 2123 746 2188 Γ,
784 2125 839 2173 A
877 2116 1026 2193 λόγῳ
1069 2120 1127 2173 οἰ
1162 2123 1228 2188 Ε,
1262 2123 1325 2188 Ζ,
1365 2128 1511 2190 τρεῖς
1544 2117 1606 2173 δὲ
1638 2120 1703 2173 ὀἰ
1738 2123 1814 2189 Η,
1847 2125 1911 2189 Θ,

210 2212 280 2277 Κ,
319 2206 411 2262 καὶ
452 2207 576 2278 ἑξῆς
616 2207 700 2262 ἑνὶ
741 2210 992 2276 πλείους,
1041 2207 1144 2271 ἕως
1190 2207 1254 2262 τὸ
1307 2205 1740 2278 λαμβανόμενον
1776 2210 1911 2279 πλῆ-

210 2303 319 2360 θος
359 2302 485 2351 ἴσον
525 2295 753 2366 γένηται
800 2298 876 2371 τῷ
924 2294 1128 2366 πλήθει
1162 2298 1275 2351 τῶν
1308 2302 1377 2364 Α,
1424 2301 1491 2365 Β,
1523 2299 1586 2365 Γ,
1622 2302 1690 2351 Δ.
1767 2295 1911 2367 εἰλή-

211 2392 457 2455 φθωσαν
496 2383 589 2439 καὶ
631 2387 881 2439 ἔστωσαν
922 2386 980 2440 οἱ
1017 2389 1096 2454 Λ,
1135 2389 1226 2454 Μ,
1259 2389 1342 2453 Ν,
1372 2386 1431 2446 Ξ.

336 2568 375 2605 1.
411 2559 530 2605 εἰσιν
562 2561 660 2604 ΡΒ.
786 2566 828 2607 2.
862 2561 932 2620 Κ]
967 2575 1083 2606 corr.
1118 2574 1175 2605 ex
1207 2564 1251 2605 Γ
1276 2575 1337 2605 m.
1371 2565 1398 2604 2
1432 2559 1486 2604 V.
1609 2566 1649 2605 5.
1683 2558 1911 2620 πόρισμα]

215 2619 678 2751 Ῑαξισὲινπέιλέχιῖτοῗᾞ
688 2637 762 2735 φφ·
802 2616 1528 2736 ωσινὸΒξαν]λ(ἄῖἷνόιῗΘᾳιοῐιέξιεφ.ᾧ
1549 2619 1642 2724 ligt
1655 2620 1738 2738 615³]
1772 2627 1912 2738 supja
1966 2682 1973 2690 “

214 2755 276 2784 m.
310 2744 336 2783 2
369 2739 426 2783 V.
547 2737 798 2795 τέσσαρες]
841 2740 870 2782 δ
909 2739 959 2782 Β.
1085 2743 1152 2783 17.
1191 2742 1234 2782 Γ
1297 2739 1464 2795 postea
1501 2738 1660 2783 insert.
1702 2754 1765 2782 m.
1798 2745 1819 2783 1
1855 2740 1910 2784 V

216 2803 287 2843 20.
322 2795 371 2843 οἷ
401 2799 473 2856 Η]
510 2812 625 2842 corr.
662 2812 717 2842 ex
750 2797 800 2842 οῖ
826 2813 887 2843 m.
920 2803 946 2841 2
978 2797 1031 2841 Β.
1185 2803 1254 2843 21.
1282 2797 1357 2872 K]
1389 2796 1463 2869 inf
1470 2812 1558 2842 ras.
1598 2797 1646 2840 P.
1799 2799 1910 2857 καί]

217 2871 370 2930 supra
394 2856 505 2902 add.
547 2854 601 2901 αἱ
639 2872 700 2900 m.
743 2861 766 2900 1
810 2857 867 2911 P;
915 2857 994 2900 καὶ
1033 2854 1118 2902 ἀεί
1151 2857 1200 2901 Β.
1280 2873 1367 2908 εως
1409 2848 1464 2901 οὗ
1514 2857 1680 2902 Theon
1725 2857 1910 2915 (Βνφ),

219 2915 306 2968 ἕως
337 2914 400 2961 ἄν
434 2917 634 2974 August.
702 2921 773 2960 23.
809 2914 1037 2975 ἔστωσαν]
1071 2933 1119 2960 -ν
1153 2930 1178 2962 e
1211 2929 1325 2961 corr.
1358 2931 1419 2961 m.
1452 2930 1542 2961 rec.
1576 2915 1625 2962 P.
