1988 3152
223 137 295 188 90
403 119 407 123 '
851 131 1184 179 ΣΤΟΙΧΕΙῼΝ
1217 129 1283 174 ς’.

221 260 382 324 λογοι
433 254 496 308 αἱ
545 250 656 308 ὑπὸ
712 252 812 315 τὰς
858 256 980 316 ἴσας
1032 253 1239 320 γωνίας
1284 245 1701 307 ὑποτείνουσαι·
1757 249 1908 301 ἔστιν

222 341 332 412 ἄρα
379 339 453 406 ὡς
500 339 533 411 ἡ
581 346 691 395 ΑΒ
737 340 878 413 πρὸς
921 340 1024 410 τὴν
1071 342 1192 409 ΒΓ,
1243 337 1462 406 [οὕτως]
1517 333 1551 406 ἡ
1600 340 1718 391 ΗΕ
1770 337 1910 407 πρὸς

220 432 324 501 τὴν
363 435 482 487 ΕΖ.
568 425 689 484 ἀλλ’
742 426 817 494 ὥς
855 425 888 499 ἡ
930 433 1038 483 ΑΒ
1077 428 1218 498 πρὸς
1255 427 1360 495 τὴν
1397 430 1518 494 ΒΓ,
1559 423 1736 488 οὕτως
1772 422 1908 480 ὑπό-

221 539 395 574 κειται
449 515 483 588 ἡ
540 522 658 571 ΔΕ
706 517 845 588 πρὸς
897 518 1001 586 τὴν
1055 520 1179 572 ΕΖ·
1236 511 1310 579 ὡς
1362 511 1475 587 ἄρα
1528 509 1562 584 ἡ
1613 518 1730 567 ΔΕ
1771 514 1910 584 πρὸς

165 626 191 665 5
225 609 326 677 τὴν
374 611 502 675 ΕΖ,
553 604 730 669 οὕτως
775 601 808 675 ἡ
865 609 984 658 ΗΕ
1018 605 1157 675 πρὸς
1196 605 1299 674 τὴν
1341 609 1459 658 ΕΖ.
1530 601 1758 675 ἑκατέρα
1798 599 1907 673 ἄρα

220 698 334 750 τῶν
384 699 520 765 ΔΕ,
547 699 666 748 ΗΕ
710 690 850 764 πρὸς
895 690 998 762 τὴν
1046 697 1152 746 ΕΖ
1199 690 1299 747 τὸν
1340 688 1512 746 αὐτὸν
1560 694 1669 762 ἔχει
1715 688 1908 760 λόγον·

222 790 314 853 ἴση
355 783 466 855 ἄρα
505 782 656 838 ἐστὶν
695 779 729 852 ἡ
771 787 887 837 ΔΕ
915 783 981 854 τῇ
1013 786 1142 836 ΗΕ.
1221 778 1312 835 διὰ
1353 778 1419 835 τὰ
1461 776 1603 834 αὐτὰ
1643 776 1712 850 δὴ
1745 779 1837 834 καὶ
1875 774 1908 848 ἡ

222 878 333 927 ΔΖ
372 873 438 943 τῇ
483 876 596 926 ΗΖ
644 872 794 926 ἐστιν
835 875 942 940 ἴση.
1020 869 1136 924 ἐπεὶ
1176 861 1283 924 οὖν
1322 876 1413 939 ἴση
1448 867 1599 924 ἐστὶν
1631 865 1665 938 ἡ
1699 873 1815 923 ΔΕ
1843 869 1908 938 τῇ

220 966 361 1030 ΕΗ,
400 958 563 1030 κοινὴ
607 959 668 1015 δὲ
706 956 740 1029 ἡ
783 964 912 1029 ΕΖ,
954 956 1060 1013 δύο
1102 955 1171 1028 δὴ
1213 958 1275 1013 αἱ
1312 962 1451 1027 ΔΕ,
1477 962 1580 1011 ΕΖ
1621 955 1751 1012 δυσὶ
1789 965 1912 1020 ταῖς

133 1067 189 1107 10
220 1053 360 1118 ΗΕ,
387 1053 489 1102 ΕΖ
537 1054 651 1102 ἴσαι
700 1049 862 1102 εἰσίν·
910 1045 1003 1100 καὶ
1050 1044 1214 1115 βάσις
1258 1042 1292 1116 ἡ
1336 1050 1445 1099 ΔΖ
1485 1043 1643 1114 βάσει
1689 1047 1754 1116 τῇ
1797 1048 1918 1099 ΖΗ

222 1138 419 1206 [ἐστιν]
469 1144 584 1207 ἴση·
631 1139 811 1206 γωνία
858 1131 966 1205 ἄρα
1013 1131 1047 1205 ἡ
1100 1131 1207 1189 ὑπὸ
1250 1138 1418 1188 ΔΕΖ
1465 1136 1643 1206 γωνίᾳ
1688 1136 1752 1205 τῇ
1795 1130 1905 1188 ὑπὸ
1974 1147 1980 1151 ’

218 1231 390 1281 ΗΕΖ
438 1226 588 1280 ἐστιν
636 1230 751 1295 ἴση,
803 1222 896 1278 καὶ
942 1220 1004 1278 τὸ
1058 1227 1227 1277 ΔΕΖ
1281 1226 1561 1294 τρίγωνον
1613 1224 1689 1298 τῷ
1737 1226 1907 1276 ΗΕΖ
1985 1212 1988 1221 ³

217 1312 471 1388 τριγώνῳ
535 1320 685 1382 ἴσον,
746 1311 838 1366 καὶ
894 1313 955 1366 αἱ
1012 1310 1202 1366 λοιπαὶ
1263 1314 1465 1380 γωνίαι
1517 1319 1638 1373 ταῖς
1690 1315 1910 1375 λοιπαῖς

218 1407 451 1473 γωνίαις
497 1409 638 1471 ἴσαι,
685 1397 785 1471 ὑφ’
837 1397 904 1465 ἃς
951 1402 1013 1455 αἱ
1058 1406 1175 1454 ἴσαι
1212 1398 1448 1471 πλευραὶ
1495 1396 1906 1454 ὑποτείνουσιν.
1986 1435 1988 1440 -

64 1482 76 1491 ’
133 1509 186 1549 15
220 1497 311 1561 ἴση
345 1488 454 1562 ἄρα
487 1490 602 1546 ἐστὶ
633 1490 725 1545 καὶ
757 1486 791 1561 ἡ
825 1488 927 1560 μὲν
959 1486 1067 1544 ὑπὸ
1093 1493 1266 1543 ΔΖΕ
1285 1491 1463 1559 γωνία
1493 1490 1559 1560 τῇ
1585 1485 1693 1543 ὑπὸ
1718 1492 1907 1558 ΗΖΕ,
1986 1484 1988 1486 ’

218 1576 252 1650 ἡ
295 1577 357 1634 δὲ
394 1576 504 1634 ὑπὸ
546 1584 714 1634 ΕΛΖ
752 1581 817 1651 τῇ
858 1575 969 1633 ὑπὸ
1010 1582 1195 1632 ΕΗΖ.
1272 1576 1364 1631 καὶ
1412 1577 1524 1632 ἐπεὶ
1575 1574 1608 1647 ἡ
1657 1575 1758 1647 μὲν
1797 1572 1907 1631 ὑπὸ
1985 1600 1988 1601 ’

219 1674 388 1723 ΖΕΔ
425 1671 490 1739 τῇ
530 1665 640 1723 ὑπὸ
680 1672 851 1722 ΗΕΖ
891 1667 1199 1744 gam-can,
1247 1661 1369 1720 ἀλλ’
1406 1662 1439 1736 ἡ
1479 1662 1588 1720 ὑπὸ
1629 1670 1804 1720 ΗΕΖ
1843 1665 1908 1737 τῇ

219 1753 327 1812 ὑπὸ
367 1760 551 1827 ΑΒΓ,
589 1756 683 1811 καὶ
721 1753 757 1827 ἡ
797 1753 905 1811 ὑπὸ
947 1758 1122 1810 ΑΒΓ
1144 1752 1252 1825 ἄρα
1290 1757 1468 1824 γωνία
1499 1755 1564 1825 τῇ
1597 1751 1704 1809 ὑπὸ
1740 1758 1907 1808 ΔΕΖ

220 1847 369 1900 ἐστιν
405 1850 516 1914 ἴση.
588 1841 682 1898 διὰ
719 1841 787 1898 τὰ
829 1839 971 1897 αὐτὰ
1012 1840 1081 1912 δὴ
1122 1841 1214 1897 καὶ
1261 1837 1295 1911 ἡ
1336 1837 1446 1896 ὑπὸ
1486 1844 1651 1897 ΑΓΒ
1690 1843 1755 1912 τῇ
1795 1839 1905 1896 ὑπὸ

127 1951 187 1993 20
220 1939 391 1988 AZE
434 1934 583 1988 ἐστιν
632 1938 751 2002 ἴση,
797 1930 891 1986 καὶ
937 1933 1018 1985 ἔτι
1062 1927 1097 2001 ἡ
1145 1927 1285 2001 πρὸς
1328 1931 1404 2005 τῷ
1444 1935 1497 1984 Α
1544 1932 1610 2002 τῇ
1658 1928 1796 2003 πρὸς
1832 1933 1909 2007 τῷ

220 2028 296 2076 Δ·
338 2021 639 2092 ἰσογώνιον
679 2019 788 2091 ἄρα
829 2019 942 2075 ἐστὶ
981 2017 1042 2074 τὸ
1085 2021 1260 2074 ΑΒΓ
1290 2021 1569 2090 τρίγωνον
1617 2022 1694 2094 τῷ
1737 2025 1907 2074 ΔΕΖ

216 2110 488 2184 τριγώνῳ.

324 2197 456 2255 Ἐὰν
495 2196 606 2270 ἄρα
646 2196 751 2253 δύο
791 2201 1036 2270 τρίγωνα
1073 2194 1172 2262 τὰς
1201 2195 1443 2268 πλευρὰς
1473 2193 1759 2267 ἀνάλογον
1791 2200 1905 2270 ἔχῃ,

219 2286 489 2358 ἰσογώνια
529 2290 679 2341 ἔσται
718 2284 785 2340 τὰ
823 2290 1069 2357 τρίγωνα
1106 2285 1217 2339 καὶ4
1239 2290 1362 2349 ἴσας
1400 2284 1505 2351 ἕξει
1544 2283 1641 2350 τὰς
1678 2289 1903 2356 γωνίας,

127 2392 187 2432 25
218 2372 320 2447 ὑφ’
364 2372 430 2442 ἃς
462 2377 523 2430 αἱ
560 2373 822 2447 ὁμόλογοι
862 2374 1096 2446 πλευραὶ
1135 2371 1552 2429 ὑποτείνουσιν·
1608 2372 1743 2447 ὅπερ
1792 2377 1905 2431 ἔδει
1986 2367 1988 2370 ⁴

218 2465 408 2531 δεῖξαι.
1070 2536 1083 2554 Ι

1031 2553 1062 2595 ς
1089 2581 1099 2592 .

324 2639 471 2696 Ἐὰν
533 2639 655 2696 δύο
718 2645 1008 2713 τρίγωνα
1071 2645 1229 2712 μίαν
1287 2643 1539 2711 γωνίαν
1609 2642 1723 2712 μιᾷ
1786 2661 1904 2710 γω-

341 2794 380 2833 1.
413 2788 608 2846 γωνίας]
640 2803 700 2831 m.
734 2793 760 2832 2
793 2788 843 2834 F.
905 2790 1050 2858 σίλενρ
1055 2787 1105 2831 αὶ
1127 2784 1463 2832 υποτείνουσαι
1485 2786 1644 2831 Theon
1677 2786 1827 2842 (BVF
1837 2789 1902 2845 p.)

275 2853 316 2892 2.
349 2805 456 2906 τήν]
490 2861 578 2892 om.
610 2847 733 2904 BFp
899 2842 985 2892 οὸτ
987 2847 1068 2906 ως]
1102 2861 1191 2892 om.
1224 2846 1274 2890 P
1427 2851 1467 2890 3.
1500 2844 1607 2904 τήν]
1642 2860 1747 2950 οῑῑιἐξ
1764 2846 1900 2916 BFp.

217 2903 319 2951 ἀλλ’
346 2933 402 2939 -
429 2913 477 2951 4:
512 2906 624 2965 EZ]
666 2863 760 2963 mpg.
800 2923 860 2953 m.
896 2912 919 2951 1
955 2906 1005 2950 F.
1129 2912 1168 2951 3.
1195 2901 1301 2963 τήν]
1335 2919 1423 2950 om
1457 2905 1595 2962 BFp.
1719 2911 1759 2950 4.
1793 2901 1899 2963 τήν]
