1988 3152
218 155 327 207 272
855 155 1191 199 ΣΤοῙΧΕΙΩΝ
1221 153 1286 212 η’.

220 276 278 329 οἱ
319 279 393 344 Ε,
427 280 498 344 Ζ,
530 278 612 344 Η,
646 279 693 328 Θ
743 271 1041 339 ἐλάσσονες
1089 272 1247 339 ὄντες
1284 277 1398 330 τῶν
1438 280 1511 343 A,
1544 279 1614 343 B,
1649 277 1719 343 Γ,
1755 280 1809 327 A
1849 275 1910 328 ἐν

217 366 294 438 τῷ
341 359 492 438 αὐτῷ
552 361 700 437 λόγῳ
758 361 901 417 εἰσὶν
956 360 1162 428 αὐτοῖς.
1242 364 1300 417 oc
1348 370 1425 433 A,
1464 368 1537 432 Β,
1579 366 1650 432 Γ,
1692 368 1748 416 A
1800 359 1910 433 ἄρα

222 449 504 520 ἐλάχιστοί
537 453 645 505 εἰσι
683 452 798 506 τῶν
834 449 936 506 τὸν
976 448 1152 506 αὐτὸν
1199 448 1372 520 λόγον
1413 448 1658 522 ἐχόντων
1698 448 1910 514 αὐτοῖς·

222 538 359 610 ὅπερ
401 541 513 593 ἔδει
555 539 745 604 δεῖξαι.

163 644 189 683 5
1029 643 1102 712 β’.

327 740 680 816 Ἀριθμοὺς
712 741 934 816 εὑρεῖν
967 744 1112 815 ἑξῆς
1136 742 1475 813 ἀνάλογον
1502 744 1908 814 ἐλαχίστους,

222 831 420 898 ὅσους
458 829 538 888 ἂν
578 832 845 905 ἐπιτάξῃ
885 854 1008 903 τις,
1049 834 1118 889 ἐν
1156 835 1238 909 τῷ
1282 832 1559 888 δοθέντι
1597 830 1786 906 λόγῳ.

318 918 499 976 ’Ἑστω
548 919 578 977 6
628 921 821 986 δοθεὶς
873 919 1042 991 λόγος
1096 922 1157 976 ἐν
1213 922 1521 992 ἐλαχίστοις
1568 918 1835 991 ἀριθμοῖς
1883 916 1912 974 6

219 1011 324 1064 τοῦ
379 1016 433 1064 A
484 1009 624 1081 πρὸς
676 1008 779 1065 τὸν
831 1015 903 1064 Β·
955 1013 1045 1064 δεῖ
1096 1010 1166 1081 δὴ
1223 1006 1507 1083 ἀριθμοὺς
1557 1006 1916 1081 εὑρεῖν-ἑξῆς

134 1107 191 1147 10
223 1095 510 1169 ἀνάλογον
558 1101 904 1170 ἐλαχίστους,
960 1096 1129 1164 ὅσους
1175 1097 1249 1153 ἄν
1295 1119 1378 1163 τις
1425 1097 1674 1170 ἐπιτάξῃ,
1731 1099 1792 1153 ἐν
1838 1100 1914 1172 τῷ

221 1188 324 1241 τοῦ
363 1194 416 1241 A
452 1183 592 1259 πρὸς
628 1184 729 1242 τὸν
767 1192 815 1241 Β
855 1185 1020 1261 λόγῳ.

330 1272 817 1347 Ἐπιτετάχθωσαν
882 1272 951 1345 δὴ
1014 1275 1303 1345 τέσσαρες,
1365 1273 1458 1329 καὶ
1522 1271 1551 1330 6
1608 1281 1660 1329 A
1716 1271 1917 1329 ἑαυτὸν

223 1362 714 1429 πολλαπλασιάσας
752 1362 853 1419 τὸν
891 1368 946 1419 Γ
978 1367 1228 1434 ποιείτω,
1274 1362 1376 1418 τὸν
1417 1361 1479 1418 δὲ
1518 1369 1565 1418 Β
1604 1368 1918 1418 πολλαπλα-

225 1451 422 1516 σιάσας
466 1449 566 1507 τὸν
614 1457 670 1505 A
715 1455 964 1522 ποιείτω,
1019 1451 1112 1506 καὶ
1162 1455 1241 1506 ἔτι
1289 1448 1319 1507 6
1367 1457 1415 1506 Β
1468 1448 1670 1506 ἑαυτὸν
1716 1457 1918 1506 πολλα-

137 1549 191 1588 15
223 1539 536 1605 πλασιάσας
573 1538 674 1595 τὸν
714 1545 767 1594 Ε
802 1544 1044 1610 ποιείτω,
1084 1540 1178 1594 καὶ
1219 1543 1297 1594 ἔτι
1338 1537 1367 1595 6
1410 1547 1462 1594 A
1499 1536 1631 1604 τοὺς
1663 1544 1724 1608 Γ,
1764 1546 1837 1610 A,
1871 1546 1924 1594 Ε

224 1626 716 1693 πολλαπλασιάσας
762 1626 894 1693 τοὺς
941 1633 1011 1697 Ζ,
1043 1633 1126 1698 Η,
1159 1633 1207 1683 Θ
1252 1632 1503 1698 ποιείτω,
1551 1625 1580 1683 6
1632 1627 1694 1683 δὲ
1732 1634 1779 1683 Β
1819 1626 1919 1683 τὸν

226 1723 279 1772 Ε
314 1715 806 1782 πολλαπλασιάσας
843 1715 944 1772 τὸν
986 1722 1039 1772 K
1078 1721 1318 1772 ποιείτω.

338 1805 451 1860 Καὶ
508 1805 624 1861 ἐπεὶ
681 1803 711 1860 6
769 1812 822 1860 A
868 1804 1073 1861 ἑαυτὸν
1128 1805 1230 1876 μὲν
1277 1805 1766 1870 πολλαπλασιάσας
1819 1802 1919 1860 τὸν

226 1899 280 1950 Γ
322 1898 645 1964 πεποίηκεν,
698 1892 799 1949 τὸν
849 1893 910 1948 δὲ
956 1899 1002 1948 Β
1050 1893 1541 1960 πολλαπλασιάσας
1586 1893 1689 1949 τὸν
1730 1899 1786 1948 A
1830 1912 1922 1948 πε-

139 1998 197 2037 20
233 1985 490 2052 ποίηκεν,
547 1985 698 2036 ἔστιν
755 1979 865 2053 ἄρα
920 1979 993 2047 ὡς
1040 1979 1069 2036 6
1118 1990 1172 2037 A
1225 1980 1364 2054 πρὸς
1416 1980 1519 2037 τὸν
1564 1988 1638 2052 Β,
1697 1981 1919 2051 [οὕτως]

229 2069 258 2127 6
299 2075 353 2126 Γ
383 2069 523 2143 πρὸς
560 2068 661 2126 τὸν
701 2077 771 2126 Δ.
847 2069 1044 2141 πάλιν,
1095 2070 1210 2126 ἐπεὶ
1252 2069 1281 2126 6
1330 2070 1433 2142 μὲν
1471 2078 1525 2126 Α
1563 2069 1664 2126 τὸν
1703 2075 1750 2124 Β
1790 2075 1922 2125 πολ-

228 2159 609 2226 λαπλασιάσας
646 2158 748 2215 τὸν
789 2167 844 2214 A
882 2164 1200 2231 πεποίηκεν,
1241 2157 1270 2216 6
1306 2159 1368 2215 δὲ
1406 2166 1453 2215 Β
1486 2158 1688 2215 ἑαυτὸν
1720 2163 1923 2213 πολλα-

228 2248 540 2314 πλασιάσας
577 2247 678 2304 τὸν
718 2254 772 2303 Ε
805 2253 1128 2319 πεποίηκεν,
1175 2246 1432 2319 ἑκάτερος
1471 2246 1580 2320 ἄρα
1618 2250 1733 2303 τῶν
1772 2254 1843 2315 Α,
1874 2251 1920 2300 Β

227 2336 331 2392 τὸν
369 2342 416 2391 Β
456 2335 945 2402 πολλαπλασιάσας
976 2336 1240 2409 ἑκάτερον
1271 2339 1385 2392 τῶν
1419 2343 1491 2406 Δ,
1525 2342 1577 2391 Ε
1610 2339 1923 2405 πεποίηκεν.

351 2518 391 2558 3.
428 2511 545 2557 εἰσιν
577 2513 626 2557 Ρ.
744 2509 934 2572 αὐτοῖς]
969 2527 1058 2558 om.
1096 2514 1194 2569 ch.
1313 2518 1352 2558 7.
1385 2529 1454 2564 τις
1485 2509 1682 2570 ἐπιτάξῃ
1715 2512 1765 2555 Ρ.
1882 2517 1922 2557 9.

234 2568 368 2630 ἑξῆς]
413 2586 553 2628 supra
592 2587 652 2615 m.
695 2576 720 2616 2
763 2571 828 2628 V,
868 2586 959 2616 om.
1000 2590 1050 2629 φ.
1176 2577 1244 2616 10.
1287 2568 1484 2630 ἐπιτάξῃ
1525 2588 1594 2622 τις
1626 2572 1726 2627 Vq).
1853 2575 1922 2615 12.

232 2631 478 2688 τέσσαρες]
514 2633 543 2674 δ
574 2630 611 2673 Ρ
644 2632 692 2675 ei:
722 2633 830 2688 post
861 2646 948 2676 ras.
985 2637 1007 2675 1
1041 2631 1133 2676 litt.
1166 2631 1218 2674 B.
1372 2636 1440 2676 13.
1481 2628 1562 2674 τὸν
1604 2628 1656 2674 δὲ
1699 2634 1734 2673 Β
1762 2654 1816 2661 -
1845 2635 1922 2674 14·

231 2690 452 2747 ποιείτω]
486 2704 575 2734 om.
611 2707 660 2745 φ.
757 2695 824 2736 18.
859 2690 974 2749 μέν]
1009 2705 1097 2735 om.
1133 2691 1234 2746 Vq).
1330 2695 1398 2735 19.
1434 2688 1722 2761 πεποίηκεν]
1758 2687 1922 2758 (prius)

232 2750 461 2804 πεποίηκε
498 2749 598 2804 th.
721 2754 791 2795 20.
827 2750 945 2793 Ante
980 2748 1105 2794 ἔστιν
1137 2749 1242 2793 add.
1274 2749 1458 2793 Theon.
1491 2745 1697 2805 ἀριθμὸς
1729 2747 1788 2802 δὴ
1823 2743 1847 2790 ὁ
1882 2750 1922 2789 Α

236 2805 324 2851 δύο
357 2824 466 2858 τους
497 2813 546 2863 A,
580 2811 616 2851 B
656 2805 1067 2859 πολλαπλασιάσας
1105 2825 1215 2859 τους
1257 2811 1318 2862 Γ,
1350 2813 1392 2851 Δ
1437 2809 1697 2863 πεποίηκεν
1737 2805 1922 2861 (BVzp).

233 2865 337 2925 τόν]
386 2867 546 2912 insert.
592 2883 641 2922 φ.
766 2863 933 2926 ουτως]
975 2882 1064 2912 om.
1106 2869 1157 2912 P.
1294 2872 1365 2912 21.
1400 2866 1508 2925 μέν]
1549 2866 1609 2923 Ρ,
1651 2879 1739 2910 om.
1774 2864 1924 2920 Bth.

236 2931 307 2970 24.
339 2926 454 2984 τῶν]
488 2922 570 2970 τόν
602 2926 653 2969 Ρ.
