1988 3152
218 68 329 118 414
849 67 1184 110 ZTOIXEIQN
1213 63 1288 111 θ’.
1613 107 1623 116 ,
1941 0 1988 161 ἓ

218 192 292 254 A,
325 191 400 255 Β,
441 190 512 254 Γ,
554 190 634 254 Δ,
674 189 750 253 Ε,
790 189 925 254 ΘΚ,
966 190 1042 254 Λ,
1085 189 1157 239 Μ
1194 184 1288 238 καὶ
1335 187 1430 255 τῆς
1475 185 1737 256 μονάδος.
1821 188 1914 242 καὶ

219 275 445 345 ἐδείχθη
487 272 518 329 ὁ
559 278 680 328 ΖΗ
709 284 826 338 τοῖς
863 279 942 343 Α,
975 279 1049 342 Β,
1083 278 1152 342 Γ,
1194 280 1273 343 Δ,
1313 278 1386 343 Ε,
1425 279 1562 344 ΘΚ,
1602 279 1679 343 Λ,
1720 279 1794 328 Μ
1821 276 1914 330 καὶ
1975 283 1988 342 [3

219 365 284 435 τῇ
318 365 524 433 μονάδι
557 369 690 427 ἴσος.
751 362 957 425 τέλειος
996 361 1058 416 δὲ
1097 358 1339 432 ἀριθμός
1378 363 1527 416 ἐστιν
1568 359 1597 417 ὁ
1639 374 1757 427 τοῖς
1795 363 1917 418 ἑαυ-
1978 371 1988 422 f

218 455 322 506 τοῦ
361 453 585 522 μέρεσιν
626 458 747 516 ἴσος
787 449 889 506 ὤν·
935 451 1141 515 τέλειος
1180 448 1287 515 ἄρα
1328 450 1477 505 ἐστὶν
1518 447 1548 506 ὁ
1597 455 1729 505 ΖΗ·
1780 450 1916 523 ὅπερ
1975 451 1979 453 ’

222 543 334 594 ἔδει
374 541 563 606 δεῖξαι.

341 722 380 761 1.
404 722 459 774 A,
482 718 564 776 Μ]
587 717 747 761 insert.
772 732 834 762 m.
860 723 886 761 2
909 717 957 761 in
990 717 1078 761 fine
1110 717 1188 760 lin.
1214 717 1270 771 F;
1312 717 1402 774 leg.
1436 731 1494 761 m.
1531 723 1554 760 1
1587 715 1636 760 in
1668 715 1769 760 init.
1804 729 1917 773 seq„

222 777 312 821 del.
360 791 422 823 m.
472 783 513 820 2.
583 778 698 821 Post
720 773 978 847 μονάδος
998 777 1103 821 add.
1150 778 1333 820 Theon:
1382 773 1431 820 οἴ
1465 779 1524 847 A,
1565 779 1622 830 B,
1666 779 1725 828 Γ,
1765 779 1828 830 A,
1860 778 1916 831 Ε,

224 838 336 887 ΘΚ,
368 839 430 892 Λ,
462 839 524 880 Μ
547 833 639 891 ἄρα
672 831 811 892 μόνοι
843 836 924 879 καὶ
955 831 983 891 ἡ
1017 832 1166 906 μονὰς
1198 835 1418 906 μετροῦσι
1450 832 1533 879 τὸν
1566 811 1661 878 ΖΗ
1689 835 1916 891 (BFVq).

220 896 274 939 In
312 895 425 940 fine·
466 892 731 940 Εὐκλείδου
773 896 1013 952 στοιχείων
1051 891 1109 938 θ’
1151 895 1211 950 P,
1250 891 1515 938 Εὐκλείδου
1558 896 1797 951 στοιχείων
1836 896 1920 950 τῆς

224 952 412 1006 Θέωνος
445 951 570 999 ἕκδο.
631 951 689 998 θ’
722 955 773 999 F.
