1988 3152
231 151 339 204 208
780 113 782 115 Ι
858 153 1194 195 ΣΤΟΙΧΕΙΩΝ
1226 152 1284 205 ζ’.

231 266 316 323 ὅτι
362 270 454 324 καὶ
502 268 697 335 λοιπὸς
745 267 774 325 5
815 277 919 326 ΕΒ
968 274 1167 326 λοιποῦ
1206 273 1308 325 τοῦ
1350 277 1460 326 ΖΔ
1497 269 1563 326 τὰ
1604 270 1743 327 αὐτὰ
1785 274 1922 344 μέρη

232 359 407 428 ἐστίν,
448 357 587 430 ἅπερ
629 358 759 424 ὅλος
799 356 828 414 5
871 364 980 414 AB
1021 359 1159 415 ὅλου
1196 362 1301 415 τοῦ
1340 364 1457 415 ΓΔ.

343 451 574 502 Κείσθω
622 447 729 520 γὰρ
775 451 850 522 τῷ
906 455 1015 504 ΑΒ
1071 456 1191 514 ἴσος
1245 447 1274 504 5
1331 454 1457 504 ΗΘ.
1534 447 1569 504 ἃ
1623 448 1734 521 ἄρα
1788 451 1924 521 μέρη

232 536 382 590 ἐστὶν
431 533 461 591 5
510 542 625 591 ΗΘ
661 540 764 592 τοῦ
803 541 931 606 ΓΔ,
977 536 1044 594 τὰ
1086 535 1226 593 αὐτὰ
1275 538 1411 609 μέρη
1462 538 1575 594 ἐστὶ
1613 538 1705 593 καὶ
1746 536 1775 594 5
1818 544 1930 592 AE

72 697 74 699 ρ
173 647 199 686 5
230 627 333 679 τοῦ
372 629 487 679 ΓΖ.
567 624 860 698 διῃρήσθω
902 622 926 681 ἱ
974 625 1075 696 μὲν
1114 632 1227 681 ΗΘ
1273 629 1352 690 είς
1388 625 1455 681 τὰ
1495 629 1596 682 τοῦ
1635 631 1737 681 ΓΔ
1788 628 1925 699 μέρη

230 711 296 767 τὰ
336 717 480 782 ΗΚ,
514 718 641 782 ΚΘ,
683 710 712 768 5
755 713 817 769 δὲ
855 720 970 768 AE
1005 718 1083 780 εἰς
1120 713 1186 769 τὰ
1227 717 1332 770 τοῦ
1372 719 1472 769 ΓΖ
1512 716 1648 787 μέρη
1688 714 1754 770 τὰ
1796 721 1927 785 ΑΛ,

232 806 367 855 ΛΕ·
432 804 584 855 ἔσται
639 800 710 871 δὴ
762 809 888 856 ἴσον
941 800 1003 857 τὸ
1060 805 1279 874 πλῆθος
1331 806 1446 858 τῶν
1500 808 1642 871 ΗΚ,
1683 809 1799 858 ΚΘ
1852 807 1926 879 τῷ

231 888 436 959 πλήθει
490 892 604 944 τῶν
660 895 801 959 ΑΛ,
842 894 965 945 AE.
1057 891 1149 945 καὶ
1205 892 1343 961 ἐπεί,
1398 889 1430 947 ὃ
1486 894 1652 964 μέρος
1698 891 1848 947 ἐστὶν
1896 890 1925 947 5

232 983 355 1032 ΗΚ
383 981 487 1033 τοῦ
519 983 646 1048 ΓΔ,
685 976 748 1033 τὸ
790 976 927 1034 αὐτὸ
967 979 1132 1049 μέρος
1172 980 1286 1035 ἐστὶ
1325 981 1416 1035 καὶ
1458 978 1487 1036 5
1528 986 1640 1036 AA
1673 983 1775 1036 τοῦ
1806 985 1927 1050 ΓΖ,

151 1088 206 1128 10
238 1070 436 1137 μείζων
478 1066 540 1122 δὲ
582 1064 611 1122 5
652 1072 755 1122 ΓΔ
793 1071 894 1123 τοῦ
933 1072 1052 1138 ΓΖ,
1092 1073 1292 1139 μείζων
1332 1069 1443 1140 ἄρα
1479 1069 1572 1123 καὶ
1612 1067 1642 1124 5
1673 1074 1798 1124 ΗΚ
1826 1072 1927 1124 τοῦ

232 1161 360 1210 ΑΛ.
437 1160 648 1210 κείσθω
681 1158 756 1230 τῷ
790 1162 904 1210 ΑΛ
943 1163 1064 1221 ἴσος
1103 1154 1133 1212 5
1165 1161 1311 1212 ΗΜ.
1375 1153 1405 1212 ὃ
1439 1155 1548 1228 ἄρα
1580 1158 1747 1229 μέρος
1778 1158 1927 1212 ἐστὶν

234 1241 264 1299 5
303 1248 427 1298 ΗΚ
461 1246 564 1299 τοῦ
603 1249 730 1313 ΓΔ,
778 1245 841 1300 τὸ
889 1242 1026 1300 αὐτὸ
1075 1246 1240 1316 μέρος
1287 1246 1402 1301 ἐστὶ
1447 1247 1540 1301 καὶ
1588 1243 1618 1301 ὁ
1658 1250 1798 1300 ΗΜ
1826 1248 1929 1300 τοῦ

137 1369 141 1374 ‚
233 1337 357 1388 ΓΖ·
394 1333 487 1388 καὶ
526 1331 718 1397 λοιπὸς
756 1331 864 1405 ἄρα
907 1331 936 1388 5
978 1339 1109 1388 ΜΚ
1145 1337 1347 1389 λοιποῦ
1391 1337 1494 1389 τοῦ
1535 1339 1649 1389 ΖΔ
1686 1333 1748 1389 τὸ
1791 1331 1928 1389 αὐτὸ

235 1421 401 1493 μέρος
440 1425 616 1492 ἐστίν,
657 1420 791 1494 ὅπερ
833 1420 962 1487 ὅλος
1002 1419 1031 1479 5
1074 1430 1201 1481 ΗΚ
1240 1421 1379 1479 ὅλου
1424 1426 1525 1478 τοῦ
1567 1427 1686 1478 ΓΔ.
1761 1422 1930 1478 πάλιν

153 1524 208 1564 15
241 1510 382 1579 ἐπεί,
432 1506 462 1565 ὃ
511 1512 678 1583 μέρος
727 1511 878 1566 ἐστὶν
926 1509 955 1566 ὁ
996 1517 1108 1566 ΚΘ
1145 1514 1247 1567 τοῦ
1293 1517 1414 1581 ΓΔ,
1468 1510 1531 1567 τὸ
1581 1509 1717 1566 αὐτὸ
1765 1512 1930 1583 μέρος

233 1598 347 1653 ἐστὶ
392 1598 486 1653 καὶ
539 1597 568 1655 5
618 1605 728 1654 EA
773 1604 876 1654 τοῦ
925 1604 1050 1669 ΓΖ,
1097 1606 1297 1671 μείζων
1346 1600 1407 1656 δὲ
1456 1598 1485 1655 5
1526 1605 1631 1655 ΓΔ
1668 1602 1769 1655 τοῦ
1807 1605 1929 1670 ΓΖ,

233 1691 431 1758 μείζων
471 1686 583 1759 ἄρα
621 1688 714 1742 καὶ
755 1686 784 1743 5
826 1694 940 1744 ΘΚ
974 1691 1074 1745 τοῦ
1114 1694 1236 1744 ΕΛ.
1312 1693 1521 1745 κείσθω
1561 1691 1636 1763 τῷ
1671 1694 1780 1743 EA
1813 1695 1931 1754 ἴσος

235 1773 264 1830 5
306 1781 439 1830 KN.
520 1772 548 1831 ὃ
590 1775 699 1849 ἄρα
738 1778 905 1850 μέρος
945 1776 1102 1833 ἐστὶν
1145 1775 1174 1833 5
1217 1783 1328 1832 ΚΘ
1366 1781 1466 1833 τοῦ
1507 1783 1634 1846 ΓΔ,
1682 1775 1744 1832 τὸ
1794 1775 1928 1833 αὐτὸ

235 1865 400 1935 μέρος
456 1866 568 1920 ἐστὶ
623 1866 715 1950 θεαὶ
768 1863 797 1921 5
855 1871 982 1921 KN
1025 1869 1126 1921 τοῦ
1174 1870 1295 1920 ΓΖ·
1350 1867 1441 1921 καὶ
1499 1864 1692 1930 λοιπὸς
1739 1864 1849 1937 ἄρα
1899 1863 1927 1920 5

148 1968 206 2009 20
237 1958 353 2007 ΝΘ
390 1957 591 2009 λοιποῦ
630 1956 732 2009 τοῦ
772 1959 884 2008 ΖΔ
922 1953 983 2009 τὸ
1027 1951 1163 2010 αὐτὸ
1205 1956 1372 2027 μέρος
1411 1957 1586 2024 ἐστίν,
1628 1952 1762 2025 ὅπερ
1803 1952 1931 2020 ὅλος

235 2040 265 2098 5
314 2047 425 2097 ΚΘ
470 2041 609 2098 ὅλου
654 2046 757 2098 τοῦ
796 2047 913 2099 ΓΔ.
991 2045 1217 2115 ἐδείχθη]
1266 2043 1328 2099 δὲ
1365 2043 1459 2098 καὶ
1497 2041 1692 2108 λοιπὸς
1731 2039 1761 2098 5
1802 2049 1933 2098 MK

234 2133 436 2185 λοιποῦ
474 2134 576 2186 τοῦ
619 2137 730 2186 ΖΔ
768 2129 830 2186 τὸ
874 2129 1010 2187 αὐτὸ
1052 2132 1218 2203 μέρος
1258 2130 1363 2202 ὤν,
1404 2129 1538 2203 ὅπερ
1580 2128 1709 2196 ὅλος
1749 2129 1778 2186 5
1811 2137 1933 2186 HK

236 2216 372 2274 ὅλου
426 2222 528 2274 τοῦ
575 2224 702 2274 ΓΛ·
755 2220 847 2275 καὶ
896 2219 1323 2291 συναμφότερος
1372 2218 1479 2292 ἄρα
1535 2217 1565 2275 5
1621 2225 1770 2288 ΜΚ,
1818 2226 1932 2275 ΝΘ

235 2309 335 2362 τοῦ
379 2313 487 2361 ΔΖ
526 2307 592 2362 τὰ
634 2305 775 2364 αὐτὰ
814 2310 950 2379 μέρη
993 2310 1168 2377 ἐστίν,
1216 2307 1353 2380 ἅπερ
1395 2306 1525 2373 ὅλος
1565 2305 1594 2362 5
1636 2313 1756 2362 ΘΗ
1796 2306 1931 2363 ὅλου

357 2461 396 2499 1.
430 2456 537 2514 καί]
580 2456 661 2500 καὶ
701 2453 725 2500 ὁ
768 2457 821 2501 V.
948 2458 1061 2515 ΖΛ]
1109 2461 1150 2500 Δ
1190 2456 1294 2500 add.
1336 2472 1395 2499 m.
1429 2461 1455 2499 2
1487 2456 1536 2501 F.
1662 2461 1702 2499 2.
1736 2450 1868 2514 ὅλος]
1904 2452 1928 2499 5

237 2507 344 2565 ὅλος
373 2514 426 2558 B.
548 2521 589 2560 4.
625 2511 747 2572 ἐστι’]
783 2513 908 2560 ἐστίν
939 2515 990 2560 F.
1113 2520 1154 2560 8.
1187 2514 1305 2574 AE]
1347 2515 1396 2559 in
1428 2529 1516 2560 ras,
1550 2514 1604 2558 V.
1728 2519 1768 2558 9.
1802 2515 1929 2573 HK]

235 2576 284 2617 Κ
317 2575 485 2630 postea
524 2574 684 2619 insert.
723 2574 778 2620 V.
844 2571 969 2619 ἐστίν
1010 2575 1112 2621 PV.
1235 2575 1344 2633 καί]
1385 2587 1472 2618 om.
1515 2574 1563 2618 P.
1690 2578 1757 2617 11.
1791 2575 1929 2632 HM]

235 2635 348 2676 MH
375 2633 468 2690 Vp.
565 2638 632 2678 11.
660 2629 783 2678 ἐστίν
807 2635 901 2678 PF.
998 2639 1065 2679 16.
1100 2630 1226 2678 ἐστίν
1256 2632 1305 2678 F.
1397 2633 1480 2677 τοῦ
1516 2633 1627 2691 ΓΖ]
1652 2648 1714 2678 m.
1740 2637 1766 2676 2
1793 2646 1932 2690 supra

238 2704 324 2736 scr.
356 2692 406 2736 F.
443 2705 446 2708 ·
533 2697 601 2736 17.
638 2693 756 2751 ΘΚ]
792 2695 886 2738 ΚΘ
915 2694 966 2737 Ρ.
1092 2697 1160 2738 18.
1195 2693 1322 2750 ΚΝ]
1363 2706 1478 2765 οοιτ.
1521 2705 1577 2735 ex
1615 2694 1718 2735 KH
1745 2707 1806 2735 m.
1839 2706 1928 2737 reo.

236 2751 501 2855 Ξὸτίῗᾙῗῄ
549 2755 689 2854 ΠΙκοιῙὶί
700 2756 870 2862 ῗοισῗὸς
880 2758 917 2869 ]2
927 2751 1093 2863 λὸἶιπός
1123 2756 1237 2855 V.19·
1287 2767 1488 2855 mgffoffi
1497 2750 1581 2866 ΘΙ]
1598 2755 1932 2855 οὲιξτοκωΗΞῦ

237 2884 298 2914 m.
331 2883 422 2915 ree.
454 2885 500 2926 p.
624 2870 736 2928 ΖΛ]
773 2875 815 2913 Α
847 2884 960 2915 eras.
995 2871 1051 2915 V.
1173 2865 1312 2928 ὅπερ]
1351 2885 1412 2914 m.
1454 2874 1480 2913 2
1513 2869 1569 2914 V.
1695 2874 1767 2914 21.
1813 2865 1931 2912 ἐδεί-

238 2930 333 2985 χθη
367 2928 421 2972 δέ
449 2955 503 2961 -
529 2933 610 2973 23:
645 2930 755 2987 ΓΔ]
783 2944 875 2986 mg.
901 2929 956 2974 V.
1050 2934 1120 2973 21.
1154 2929 1261 2987 καί]
1289 2929 1370 2973 καὶ
1394 2925 1419 2972 ὁ
1447 2929 1593 2973 BFV.
1688 2925 1742 2986 5]
1769 2941 1858 2971 om.
1885 2944 1928 2984 p.
