1988 3152
174 1090 230 1130 10

174 1533 228 1573 15

267 165 378 218 304
899 166 1238 209 ΣΤοΙΧΕΙῼΝ
1266 163 1332 222 η’.

369 284 428 338 Ὁ
474 289 527 339 Γ
564 282 672 354 γὰρ
718 281 820 339 τὸν
860 290 916 337 A
953 283 1440 350 πολλαπλασιάσας
1488 283 1591 340 τὸν
1631 290 1683 339 Ε
1717 289 1955 340 ποιείτω.

264 373 358 427 καὶ
415 372 530 428 ἐπεὶ
582 370 931 444 τετράγωνός
985 373 1135 427 ἐστιν
1183 370 1213 427 6
1264 381 1341 443 A,
1397 371 1608 445 πλευρὰ
1663 371 1725 427 δὲ
1779 371 1956 428 αὐτοῦ

266 461 416 516 ἐστιν
465 458 495 515 6
536 464 607 530 Γ,
649 458 678 514 6
720 464 774 515 Γ
817 457 928 529 ἄρα
975 458 1178 515 ἑαυτὸν
1223 460 1714 526 πολλαπλασιάσας
1758 460 1857 516 τὸν
1904 469 1956 516 A

264 553 577 619 πεποίηκεν.
654 546 749 603 διὰ
795 545 862 602 τὰ
909 546 1050 603 αὐτὰ
1101 547 1171 620 δὴ
1219 549 1312 604 καὶ
1353 547 1382 604 6
1424 556 1479 604 A
1518 547 1719 604 ἑαυτὸν
1757 555 1956 605 πολλα-

267 637 579 702 πλασιάσας
614 635 714 692 τὸν
754 643 802 691 Β
841 642 1152 708 πεποίηκεν.
1231 639 1346 693 ἐπεὶ
1387 631 1491 693 οὖν
1531 635 1560 693 6
1600 642 1652 692 Γ
1693 637 1955 710 ἑκάτερον

262 729 376 781 τῶν
430 732 501 797 Γ,
535 733 590 781 A
635 725 1125 791 πολλαπλασιάσας
1174 726 1436 798 ἑκάτερον
1489 729 1604 781 τῶν
1652 732 1729 795 A,
1763 732 1814 780 Ε
1863 747 1955 781 πε-

262 819 518 885 ποίηκεν,
574 818 725 870 ἔστιν
772 813 881 885 ἄρα
929 814 1005 879 ὡς
1051 813 1081 870 6
1130 819 1182 870 Γ
1229 813 1368 887 πρὸς
1412 816 1514 869 τὸν
1562 821 1641 884 A,
1698 812 1876 880 οὕτως
1923 837 1952 870 ο

262 911 316 959 Α
362 901 502 974 πρὸς
546 902 647 959 τὸν
695 909 757 958 Ε.
835 902 928 958 διὰ
975 902 1042 958 τὰ
1091 900 1232 958 αὐτὰ
1281 901 1351 974 δὴ
1398 901 1491 957 καὶ
1532 901 1606 967 ὡς
1646 901 1675 958 6
1726 907 1779 957 Γ
1816 903 1955 974 πρὸς

261 991 363 1048 τὸν
410 999 490 1062 A,
539 992 716 1057 οὕτως
762 991 792 1048 6
840 998 892 1047 Ε
938 991 1079 1063 πρὸς
1122 990 1223 1047 τὸν
1269 996 1331 1047 Β.
1406 990 1499 1045 καὶ
1547 988 1620 1056 ὡς
1668 990 1776 1061 ἄρα
1823 989 1852 1046 6
1903 999 1954 1046 A

261 1078 400 1149 πρὸς
436 1079 539 1136 τὸν
577 1087 650 1150 Ε,
693 1078 871 1145 οὕτως
910 1078 940 1136 6
980 1086 1033 1134 Ε
1067 1078 1206 1150 πρὸς
1242 1078 1343 1135 τὸν
1383 1085 1446 1134 Β.
1514 1082 1629 1135 τῶν
1661 1086 1731 1149 A,
1764 1084 1812 1134 Β
1844 1078 1954 1152 ἄρα

261 1165 340 1236 εἷς
377 1171 544 1241 μέσος
583 1167 871 1240 ἀνάλογόν
911 1171 1062 1224 ἐστιν
1102 1166 1358 1239 ἀριθμός.

373 1260 534 1329 Λέγω
585 1257 682 1329 δή,
738 1258 823 1314 ὄτι
869 1258 961 1313 καὶ
1009 1255 1039 1313 6
1088 1265 1140 1312 A
1187 1254 1326 1327 πρὸς
1370 1255 1471 1312 τὸν
1519 1262 1565 1311 Β
1622 1260 1953 1312 διπλασίονα

260 1348 433 1419 λόγον
485 1351 594 1419 ἔχει
647 1346 788 1419 ἥπερ
845 1345 873 1402 6
923 1351 976 1402 Γ
1013 1344 1152 1418 πρὸς
1196 1344 1297 1401 τὸν
1344 1353 1412 1401 A.
1490 1346 1606 1401 ἐπεὶ
1651 1344 1759 1417 γὰρ
1807 1357 1954 1417 τρεῖς

259 1435 497 1508 ἀριθμοὶ
536 1435 822 1507 ἀνάλογόν
863 1439 1006 1491 εἰσιν
1047 1437 1106 1490 οἱ
1141 1442 1217 1504 Α,
1260 1440 1332 1503 Ε,
1373 1441 1446 1504 Β,
1487 1433 1516 1490 6
1558 1443 1611 1489 A
1658 1433 1768 1506 ἄρα
1815 1433 1954 1505 πρὸς

259 1524 360 1581 τὸν
415 1531 463 1580 Β
519 1529 854 1581 διπλασίονα
907 1523 1082 1595 λόγον
1134 1527 1244 1595 ἔχει
1298 1521 1437 1594 ἥπερ
1493 1520 1522 1578 6
1566 1530 1619 1578 A
1666 1522 1806 1593 πρὸς
1851 1522 1951 1578 τὸν

259 1620 323 1671 Ε.
407 1610 482 1679 ὥς
536 1612 599 1668 δὲ
646 1612 676 1668 6
729 1620 782 1668 A
827 1610 966 1685 πρὸς
1009 1611 1111 1667 τὸν
1159 1617 1232 1681 Ε,
1281 1611 1460 1677 οὕτως
1499 1609 1528 1667 6
1582 1616 1635 1667 Γ
1674 1610 1812 1682 πρὸς
1850 1611 1952 1667 τὸν

259 1709 330 1757 Δ.
392 1699 421 1758 6
462 1710 516 1757 A
552 1700 663 1774 ἄρα
694 1699 832 1773 πρὸς
862 1700 963 1757 τὸν
1003 1706 1049 1755 Β
1091 1703 1424 1755 διπλασίονα
1464 1699 1637 1770 λόγον
1670 1703 1780 1771 ἔχει
1811 1698 1950 1771 ἤπερ

258 1787 294 1862 ἡ
334 1795 387 1846 Γ
419 1788 629 1862 πλευρὰ
669 1788 808 1862 πρὸς
845 1788 948 1860 τὴν
990 1797 1066 1844 A·
1108 1788 1244 1860 ὅπερ
1286 1791 1399 1843 ἔδει
1440 1789 1631 1854 δεῖξαι.

1059 1950 1155 2021 ιβ’.

373 2054 514 2111 Δύο
562 2054 784 2126 κύβων
831 2052 1139 2126 ἀριθμῶν
1193 2053 1313 2109 δύο
1370 2055 1558 2125 μέσοι
1606 2051 1947 2123 ἀνάλογόν

259 2147 429 2199 εἰσιν
491 2142 796 2215 ἀριθμοί,
849 2143 956 2198 καὶ
1012 2140 1040 2198 6
1097 2142 1297 2213 κύβος
1350 2141 1513 2214 πρὸς
1566 2141 1683 2197 τὸν
1738 2141 1948 2213 κύβον

257 2236 699 2304 τριπλασίονα
752 2230 956 2303 λόγον
1012 2235 1144 2303 ἔχει
1195 2230 1357 2303 ἥπερ
1413 2228 1446 2301 ἡ
1494 2228 1741 2301 πλευρὰ
1790 2229 1949 2299 πρὸς

257 2319 375 2391 τὴν
414 2320 720 2391 πλευράν.

353 2408 645 2464 ’Έστωσαν
690 2407 857 2478 κύβοι
902 2406 1140 2479 άρνθμοὶ
1188 2410 1245 2463 οἱ
1276 2414 1354 2477 Α,
1387 2413 1434 2462 Β
1474 2406 1566 2461 καὶ
1604 2409 1705 2461 τοῦ
1753 2405 1855 2477 μὲν
1895 2415 1947 2462 A

256 2495 468 2568 πλευρὰ
508 2500 646 2551 ἔστω
688 2493 717 2550 6
758 2499 829 2565 Γ,
867 2499 970 2550 τοῦ
1010 2495 1073 2551 δὲ
1112 2501 1159 2550 Β
1200 2493 1230 2551 6
1272 2503 1348 2550 A·
1397 2496 1556 2565 λέγω,
1598 2492 1684 2550 ὅτι
1721 2498 1835 2550 τῶν
1876 2503 1946 2565 A,

257 2590 304 2639 Β
347 2583 451 2640 δύο
492 2585 651 2655 μέσοι
690 2582 975 2655 ἀνάλογόν
1015 2587 1158 2639 εἰσιν
1199 2581 1462 2655 ἀριθμοί,
1512 2582 1604 2637 καὶ
1646 2582 1676 2638 6
1719 2590 1770 2638 A
1808 2582 1948 2655 πρὸς

255 2672 357 2729 τὸν
396 2679 443 2728 Β
483 2677 849 2744 τριπλασίονα
887 2672 1062 2744 λόγον
1103 2676 1212 2744 ἔχει
1251 2671 1390 2743 ἤπερ
1422 2669 1452 2727 6
1488 2676 1541 2726 Γ
1572 2670 1712 2743 πρὸς
1742 2670 1843 2727 τὸν
1877 2680 1945 2727 A.

379 2827 418 2866 1.
451 2817 597 2891 γάρ]
602 2835 664 2864 m.
699 2825 724 2863 2
758 2821 818 2876 B,
849 2821 959 2877 post
988 2833 1078 2865 ras.
1114 2825 1137 2863 1
1171 2820 1263 2864 litt.
1297 2819 1351 2863 V.
1503 2824 1545 2863 4.
1577 2821 1806 2875 πεποίηκε
1839 2819 1942 2875 Vq).

257 2883 298 2924 8.
333 2877 413 2923 διὰ
444 2897 502 2923 τα
537 2874 660 2923 αὐτὰ
693 2875 751 2934 δὴ
785 2880 895 2938 καί]
928 2878 983 2933 Ρς
1024 2875 1167 2923 πάλιν
1207 2874 1363 2924 ἐπεὶ“
1344 2895 1368 2922 ο
1404 2880 1449 2922 Γ
1480 2875 1564 2922 τὸν
1598 2883 1639 2922 A
1677 2881 1943 2922 πολλαπλα-
1986 2902 1988 2930 ;

257 2935 426 2990 σιάσας
454 2934 539 2983 τὸν
572 2940 613 2983 Ε
645 2939 929 2994 πεποίηκεν,
971 2934 996 2982 ὁ
1031 2937 1084 2983 δε
1118 2944 1160 2983 A
1200 2934 1373 2983 ἑαυτὸν
1411 2933 1824 2988 πολλαπλασιάσας
1861 2934 1946 2981 τὸν
1984 2950 1988 2971 ¹
