1988 3152
289 98 396 143 XVI

288 241 334 286 p.
377 224 498 284 324,
541 225 632 270 11:

545 298 634 344 12:

546 361 635 417 13':

542 444 633 490 26:

544 518 633 564 28:

289 608 336 653 p.
379 592 500 650 326,
580 592 634 638 7:

550 665 642 711 10:

554 738 644 785 13:

548 1403 638 1451 14:

548 1551 638 1598 16:

546 1700 638 1746 17:

550 1773 640 1820 19·

299 1863 345 1909 p.
387 1846 511 1908 328,
589 1846 643 1894 3:

587 1994 642 2041 5:

587 2069 731 2115 6:A

590 2290 642 2337 9:

555 2364 644 2410 10:

555 2438 645 2484 11:

551 2584 642 2631 13:

553 2659 642 2706 17:

423 2770 466 2826 1)
499 2769 552 2812 In
585 2768 753 2824 adnp

302 2826 355 2871 in
387 2827 493 2873 adn.
527 2828 649 2884 adp

960 98 1313 141 PRAEFATIO.

671 216 776 283 τόν]
817 221 896 269 bis
934 221 981 269 b.

673 291 743 356 Ξ]
787 297 834 342 Ε
874 311 920 356 q.
996 292 1066 356 B]
1113 295 1155 343 Θ
1195 313 1240 358 q.

675 366 788 430 καί]
829 365 912 416 καὶ
952 362 1016 427 ὦς
1055 369 1102 417 b.

673 435 777 489 ἀλλ’
823 436 911 504 ὡς]
954 435 1020 501 ὦς
1059 440 1114 491 δέ
1151 444 1197 491 b.

675 510 790 578 ἄρα]
832 531 926 565 om.
966 516 1047 578 bq.

675 587 750 650 οἱ]
792 605 886 638 om.
924 590 1007 652 bq.

682 657 894 726 ἀριθμὸς
934 657 959 712 5
999 662 1068 726 Γ]
1111 658 1137 713 5
1176 667 1225 711 Γ
1255 658 1469 727 ἀριθμός
1507 665 1586 726 bq.

685 739 746 797 A,
779 735 849 800 Γ]
883 740 946 799 Α,
979 740 1033 797 Β,
1066 740 1115 785 Γ
1138 741 1317 786 mutat.
1355 739 1407 786 in
1439 741 1512 800 A,
1544 741 1597 800 Γ,
1631 740 1670 785 Β
1709 755 1771 786 m.
1804 755 1898 788 ree.
1932 740 1986 802 b:

748 813 811 873 A,
842 813 895 871 Γ,
928 813 969 859 Β
1003 829 1047 873 q.

677 882 756 946 E]
800 883 1069 947 εθ(1.ἐ’στιν
1107 880 1205 949 ἄρα
1245 879 1311 944 ὦς
1350 879 1376 935 5
1416 889 1461 934 Δ
1499 880 1623 951 πρὸς
1661 880 1746 934 τὸν
1778 888 1841 942 Ε,
1881 880 1906 935 5
1939 890 1987 935 A

747 953 871 1022 πρὸς
923 952 1009 1007 τὸν
1054 961 1110 1007 Γ.
1187 953 1290 1007 ἀλλ’
1351 953 1418 1018 ὥς
1466 953 1493 1008 5
1531 962 1581 1008 A
1631 977 1753 1023 προς
1800 954 1885 1008 τὸν
1933 963 1986 1020 Γ,

750 1050 906 1091 ουτως
952 1025 979 1082 5
1024 1035 1073 1080 Γ
1120 1026 1269 1120 (corr
1317 1049 1377 1082 ex
1423 1035 1472 1080 A
1517 1028 1572 1097 b)
1623 1027 1745 1095 πρὸς
1799 1027 1884 1083 τὸν
1930 1036 1987 1082 B.

752 1103 834 1155 καὶ
882 1099 949 1165 ὦς
995 1102 1093 1171 ἄρα
1140 1099 1167 1155 5
1213 1108 1260 1154 Δ
1304 1100 1427 1170 πρὸς
1471 1100 1557 1156 τὸν
1604 1109 1673 1167 Ε,
1722 1101 1747 1156 5
1787 1109 1835 1154 Γ
1865 1102 1988 1169 πρὸς

749 1174 1216 1243 v5quetmg.
1255 1197 1318 1228 m.
1358 1196 1454 1229 rec.
1495 1181 1542 1229 b.

674 1249 855 1317 ἰσάκις]
897 1257 1018 1302 mut.
1058 1255 1111 1302 in
1150 1247 1319 1314 ὁσάκις
1356 1271 1421 1302 m.
1462 1270 1558 1303 rec.
1600 1254 1644 1302 b.

678 1323 796 1391 ἄρα]
838 1330 1017 1378 mutat.
1056 1329 1109 1376 in
1148 1325 1203 1376 δέ
1242 1344 1304 1375 m.
1344 1343 1440 1377 reo.
1481 1328 1526 1376 b.

678 1399 760 1450 καὶ
799 1395 824 1451 5
866 1403 998 1449 Ε-
1024 1403 1114 1451 15:
1154 1395 1359 1465 μετρεῖ]
1386 1418 1480 1450 om.
1520 1402 1565 1449 b.

677 1470 769 1538 δή]
813 1472 867 1524 δέ
906 1469 999 1542 (1.1)

677 1549 913 1613 πεποίηκε
952 1566 997 1611 q.
1076 1548 1184 1611 Seq.
1233 1543 1318 1598 τὸν
1365 1545 1419 1597 δὲ
1466 1550 1514 1596 Ε
1563 1544 1988 1608 πολλαπλασιάσας

750 1618 835 1672 τὸν
873 1626 922 1671 Γ
952 1622 1222 1686 πεποίηκεν
1261 1639 1292 1685 (1
1332 1625 1383 1671 et
1421 1639 1519 1686 mg.
1560 1638 1623 1670 m.
1665 1639 1761 1671 rec.
1803 1624 1847 1672 b.

678 1694 778 1746 ἐστι
817 1714 860 1760 q.
940 1695 1015 1760 οἱ]
1057 1696 1112 1745 αἱ
1146 1713 1190 1759 q.

680 1773 734 1833 Γ,
766 1770 837 1834 Β]
880 1773 944 1830 Β,
975 1773 1025 1819 Γ
1054 1771 1135 1834 bq.

686 1838 711 1894 5
759 1838 990 1894 Ζ-τὸν
1035 1842 1114 1907 Α]
1171 1838 1394 1908 ἑκάτερος
1445 1845 1544 1892 τῶν
1597 1845 1659 1902 Ζ,
1699 1845 1758 1891 Η
1803 1838 1888 1892 τὸν
1943 1845 1988 1891 Ε

751 1913 1180 1978 πολλαπλασιάσας
1219 1913 1447 1981 ἑκάτερον
1484 1918 1582 1966 τῶν
1621 1919 1675 1979 Γ,
1707 1919 1747 1965 Β
1787 1918 1864 1979 bq.

683 1991 756 2055 A]
799 1995 841 2040 Ζ
879 1994 958 2056 bq.
1036 1987 1122 2041 τὸν
1162 1990 1239 2054 Ε]
1280 1993 1339 2039 Η
1369 1995 1446 2054 bq.

752 2092 814 2100 —
837 2060 894 2130 5]
937 2082 1030 2115 om.
1070 2066 1150 2129 bq.

679 2134 786 2202 τόν]
828 2157 921 2190 om.
960 2140 1040 2202 bq.

679 2208 912 2262 πάλιν-
938 2216 991 2263 9:
1031 2207 1116 2261 τὸν
1155 2210 1225 2274 Β]
1268 2227 1362 2260 om
1403 2211 1482 2274 bq.

683 2282 791 2349 τόν]
833 2304 927 2337 om.
966 2289 1046 2349 bq.

684 2355 792 2423 τόν]
834 2354 1022 2428 (prius)
1064 2375 1156 2409 om.
1197 2360 1276 2422 bq.

685 2426 794 2498 τόν]
837 2451 931 2484 om.
970 2435 1017 2483 b.

680 2508 767 2557 καί
780 2511 961 2557 -12
998 2502 1085 2558 τὸν
1122 2505 1202 2570 Η]
1245 2523 1339 2556 om.
1378 2507 1457 2569 bq.

683 2577 894 2646 ἀριθμοί
928 2580 1072 2645 εἰσιν]
1114 2581 1235 2631 εἰσιν
1274 2572 1485 2645 ἀριθμοί
1519 2573 1648 2645 bq.²)

682 2651 865 2720 όμοιοι]
907 2673 999 2706 om.
1039 2657 1085 2705 b.

758 2772 902 2823 .,326
938 2771 994 2811 14
1032 2767 1250 2811 addatur·
1287 2771 1387 2822 ,1.4
1430 2763 1520 2825 δή]
1562 2780 1676 2811 corr
1719 2778 1775 2808 ex
1814 2762 1869 2808 δέ
1909 2763 1988 2818 Β“,

698 2831 799 2883 326,
830 2831 887 2871 20
920 2826 1174 2880 deleatur,
1179 2829 1245 2883 ,et
1274 2802 1313 2870 Β
1344 2828 1477 2880 (corr.
1510 2841 1570 2869 m.
1608 2827 1695 2880 1)‘.

422 2889 468 2944 2)
501 2843 649 2944 Ergop
659 2886 737 2931 hio
769 2885 881 2931 ordo
913 2887 1164 2931 uerborum
1195 2899 1302 2930 cum
1333 2884 1370 2928 P
1401 2882 1732 2942 praeferendus
1765 2885 1877 2928 erat„
