1988 3152
261 102 334 154 42
893 103 1231 147 ΣΤΟῙΧΕΙΩΝ
1261 119 1282 148 ε
1291 101 1320 150 ’.

259 218 434 291 λόγον
497 220 590 275 καὶ
653 224 843 292 τρίτον
905 219 1045 292 πρὸς
1105 222 1393 292 τέταρτον,
1453 226 1644 291 τρίτον
1700 222 1761 277 δὲ
1815 221 1953 294 πρὸς

258 309 524 378 τέταρτον
572 312 796 378 μείζονα
842 308 1015 379 λόγου
1062 313 1156 382 ἔχῃ
1205 306 1239 380 ἢ
1288 310 1533 380 πέμπτον
1579 309 1718 383 πρὸς
1774 311 1952 381 ἕκτον,

1925 395 1948 417 Ἃ

259 397 352 452 καὶ
413 399 636 468 πρῶτον
698 394 835 467 πρὸς
897 396 1162 470 δεύτερον
1224 402 1448 468 μείζονα
1509 398 1683 469 λόγον
1746 400 1851 465 ἕξει
1917 422 1951 470 η

256 485 507 556 πέμπτον
546 482 687 555 πρὸς
726 485 908 541 ἕκτον·
950 485 1084 557 ὅπερ
1126 489 1238 542 ἔδει
1279 488 1470 553 δεῖξαι.

195 658 222 698 5
1056 647 1151 704 ιδ’.

361 732 507 790 Ἐὰν
547 737 808 806 πρῶτον
848 733 1011 806 πρὸς
1051 736 1372 806 δεύτερον
1417 734 1532 791 τὸν
1586 734 1790 793 αὐτὸν
1841 741 1951 810 ἔχῃ

254 823 457 894 λόγου
511 823 619 878 καὶ
673 827 900 895 τρίτον
947 823 1108 897 πρὸς
1152 825 1493 895 τέταρτον,
1546 822 1616 880 τὸ
1665 824 1735 881 δὲ
1782 828 1955 897 πρῶ-

252 932 368 967 τον
407 915 523 968 τοῦ
562 915 792 984 τρίτου
831 916 1056 982 μεῖζον
1097 905 1157 984 ᾗ,
1196 912 1304 967 καὶ
1344 910 1414 968 τὸ
1472 916 1789 985 δεύτερον
1836 909 1951 969 τοῦ

253 999 575 1072 τετάρτου
628 1004 855 1070 μεῖζον
907 1003 1118 1070 ἔσται,
1180 996 1302 1055 κᾶν
1358 1007 1534 1071 ἴσον,
1589 1008 1764 1071 ἴσον,
1827 998 1951 1058 κᾶν

175 1100 231 1140 10
263 1091 568 1159 ἔλαττον,
609 1092 895 1144 ἔλαττον.

367 1180 610 1248 Πρῶτον
657 1176 765 1248 γὰρ
812 1176 874 1233 τὸ
926 1185 979 1232 A
1029 1175 1167 1250 πρὸς
1214 1178 1480 1250 δεύτερον
1527 1176 1588 1233 τὸ
1630 1184 1677 1234 Β
1716 1177 1815 1234 τὸν
1855 1180 1949 1235 αὐ-

252 1266 356 1323 τὸν
404 1265 569 1337 ἐχέτω
617 1264 791 1337 λόγον
839 1266 931 1320 καὶ
978 1270 1168 1337 τρίτον
1214 1264 1276 1322 τὸ
1316 1271 1370 1322 Γ
1400 1266 1542 1339 πρὸς
1591 1267 1854 1339 τέταρτον
1886 1267 1948 1324 τὸ

258 1355 339 1424 Δ,
379 1359 566 1425 μεῖζον
606 1353 669 1410 δὲ
708 1358 846 1409 ἔστω
885 1352 947 1410 τὸ
988 1362 1042 1410 A
1080 1358 1181 1411 τοῦ
1221 1360 1290 1412 Γ·
1334 1355 1501 1426 λέγω,
1544 1355 1629 1411 ὅτι
1668 1356 1759 1411 καὶ
1799 1355 1862 1412 τὸ
1904 1363 1951 1412 Β

257 1446 360 1498 τοῦ
401 1450 457 1497 A
495 1441 683 1514 μεῖζόν
724 1444 889 1499 ἐστιν.

165 1541 221 1581 15
361 1528 508 1587 Ἐπεὶ
562 1529 669 1603 γὰρ
716 1530 782 1587 τὸ·
822 1539 875 1586 Α
919 1533 1022 1587 τοῦ
1060 1536 1115 1586 Γ
1153 1532 1340 1603 μεῖζόν
1380 1534 1558 1603 ἐστιν,
1598 1531 1736 1589 ἄλλο
1780 1534 1868 1603 δέ,
1919 1530 1948 1589 ὃ

253 1623 462 1691 ἔτυχεν,
501 1620 783 1691 [μέγεθος]
824 1619 888 1676 τὸ
930 1626 996 1690 Β,
1035 1618 1098 1676 τὸ
1139 1628 1192 1676 A
1224 1619 1334 1693 ἄρα
1373 1619 1510 1694 πρὸς
1547 1620 1609 1677 τὸ
1644 1627 1691 1676 Β
1728 1625 1951 1692 μείζονα

252 1709 425 1778 λόγον
465 1713 574 1779 ἔχει
621 1707 760 1782 ἤπερ
800 1707 863 1765 τὸ
903 1714 957 1765 Γ
987 1708 1127 1781 πρὸς
1163 1708 1225 1765 τὸ
1269 1716 1331 1766 Β.
1406 1707 1479 1775 ὡς
1519 1709 1581 1765 δὲ
1619 1709 1681 1767 τὸ
1724 1717 1776 1765 Α
1813 1708 1952 1782 πρὸς

252 1794 314 1852 τὸ
355 1802 429 1868 Β,
485 1797 661 1862 οὕτως
705 1795 766 1852 τὸ
815 1801 869 1852 Γ
907 1795 1046 1870 πρὸς
1083 1796 1147 1854 τὸ
1188 1805 1263 1854 Δ·
1312 1799 1405 1854 καὶ
1450 1796 1514 1854 τὸ
1562 1803 1615 1853 Γ
1661 1798 1770 1870 ἄρα
1815 1800 1952 1871 πρὸς

251 1883 315 1941 τὸ
373 1891 425 1943 Δ
479 1890 704 1957 μείζονα
757 1884 932 1956 λόγον
986 1890 1095 1958 ἔχει
1149 1885 1289 1959 ἥπερ
1343 1885 1405 1943 τὸ
1460 1891 1513 1942 Γ
1559 1884 1698 1958 πρὸς
1760 1886 1823 1944 τὸ
1871 1892 1949 1959 113.

163 1989 221 2031 20
253 1972 393 2046 πρὸς
433 1971 463 2030 δ
514 1974 575 2029 δὲ
614 1973 677 2029 τὸ
719 1971 856 2030 αὐτὸ
889 1964 1128 2046 ’μείζονα
1171 1975 1344 2046 λόγον
1392 1978 1520 2045 ἔχει,
1562 1976 1741 2031 ἐκεῖνο
1796 1979 1948 2031 ἕλασ·

255 2061 359 2118 σόν
407 2063 579 2118 ἐστιν·
634 2066 872 2119 ἔλασσον
919 2061 1030 2135 ἄρα
1089 2060 1153 2120 τὸ
1211 2070 1265 2118 A
1317 2066 1419 2119 τοῦ
1467 2069 1536 2118 Β·
1584 2063 1724 2119 ὥστε
1763 2063 1949 2135 μεῖζόν

254 2152 369 2206 ἐστι
407 2149 470 2206 τὸ
511 2157 558 2206 Β
598 2154 700 2207 τοῦ
741 2158 810 2208 A.

362 2236 594 2310 Ὁμοίως
633 2238 701 2311 δὴ
745 2241 1024 2311 δείξομεν,
1075 2240 1160 2295 ὅτι
1199 2237 1308 2295 κᾶν
1349 2247 1475 2296 ἴσον
1513 2233 1548 2313 ᾗ
1588 2238 1650 2296 τὸ
1692 2247 1746 2295 A
1775 2243 1849 2316 τῷ
1885 2245 1949 2310 Γ,

258 2333 386 2383 ἴσον
443 2331 596 2383 ἔσται
650 2329 742 2383 καὶ
796 2325 859 2384 τὸ
910 2333 954 2382 Β
1002 2331 1078 2404 τῷ
1128 2335 1208 2399 Δ,
1262 2325 1370 2384 κᾶν
1418 2333 1658 2385 ἔλασσον
1704 2321 1738 2401 ᾖ
1786 2327 1848 2384 τὸ
1897 2336 1950 2383 A

167 2433 225 2473 25
255 2419 358 2472 τοῦ
398 2420 462 2486 Γ,
502 2420 741 2472 ἔλασσον
782 2420 934 2472 ἔσται
973 2418 1066 2472 καὶ
1104 2416 1167 2472 τὸ
1211 2423 1259 2472 Β
1297 2420 1399 2473 τοῦ
1441 2425 1510 2473 Δ.

361 2502 491 2561 Ἐὰν
539 2503 650 2577 ἄρα
696 2507 921 2577 πρῶτον
966 2503 1105 2577 πρὸς
1161 2505 1426 2578 δεύτερον
1479 2503 1580 2562 τὸν
1628 2502 1803 2560 αὐτὸν
1853 2508 1945 2577 ἔχῃ

254 2594 428 2665 λόγον
473 2593 566 2649 καὶ
611 2597 802 2666 τρίτον
848 2591 989 2666 πρὸς
1033 2595 1323 2667 τέταρτον,
1370 2592 1433 2650 τὸ
1483 2593 1546 2649 δὲ
1585 2596 1808 2665 πρῶτον
1846 2596 1948 2649 τοῦ

253 2687 448 2755 τρίτου
487 2686 675 2754 μεῖζον
713 2674 768 2754 ᾖ,
808 2682 901 2736 καὶ
940 2679 1001 2738 τὸ
1037 2682 1302 2751 δεύτερον
1332 2686 1434 2739 τοῦ
1464 2681 1730 2754 τετάρτου
1762 2685 1947 2752 μεῖζον

255 2773 434 2840 ἔσται,
485 2765 594 2824 κᾶν
644 2777 793 2840 ἴσον,
850 2776 1001 2840 ἴσον,
1049 2766 1158 2825 κᾶν
1206 2774 1455 2838 ἔλαττον,
1511 2774 1760 2826 ἔλαττον·
1812 2770 1946 2842 ὅπερ

169 2873 229 2915 30
260 2861 372 2914 ἔδει
413 2859 602 2924 δεῖξαι.
