1988 3152
224 154 332 208 298
855 157 1191 199 mommsen
1222 154 1288 213 η’.

223 274 316 328 καὶ
363 271 440 338 ὡς
487 272 598 343 ἄρα
643 270 676 344 ἡ
718 279 771 328 Ε
806 272 984 344 μονὰς
1022 272 1160 346 πρὸς
1199 273 1299 330 τὸν
1339 281 1383 329 Ζ
1424 272 1696 346 ἀριθμόν,
1738 271 1915 339 οὕτως

225 361 254 418 ὁ
305 369 350 417 Ζ
398 359 537 433 πρὸς
581 359 681 416 τὸν
729 367 777 416 Θ
822 362 914 416 καὶ
963 359 992 416 ὁ
1042 368 1090 416 Θ
1135 361 1275 432 πρὸς
1318 361 1419 418 τὸν
1457 368 1537 418 Μ
1615 369 1736 427 ἴσος
1783 362 1844 417 δὲ
1885 360 1914 417 ὁ

223 457 298 506 Μ
334 454 410 524 τῷ
458 457 531 504 A·
602 454 754 505 ἔστιν
809 449 920 521 ἄρα
975 449 1050 516 ὡς
1103 449 1137 522 ἡ
1192 456 1245 505 Ε
1296 450 1473 521 μονὰς
1526 449 1664 522 πρὸς
1718 450 1819 506 τὸν
1872 457 1913 505 Ζ

223 538 499 610 ἀριθμόν,
549 539 727 603 οὕτως
774 536 803 594 ὁ
846 545 891 593 Ζ
931 537 1069 610 πρὸς
1107 538 1208 594 τὸν
1249 545 1296 594 Θ
1333 539 1426 594 καὶ
1467 537 1497 594 ὁ
1539 545 1586 594 Θ
1624 538 1762 610 πρός
1815 539 1915 595 τὸν

165 645 192 683 5
224 634 291 683 Α.
369 625 464 682 διὰ
511 626 577 682 τὰ
634 625 775 682 αὐτὰ
833 626 902 697 δὴ
950 627 1040 681 καὶ
1099 625 1173 692 ὡς
1227 625 1261 697 ἡ
1308 633 1361 682 Ε
1411 626 1587 697 μονὰς
1633 625 1771 698 πρὸς
1815 626 1915 683 τὸν

223 721 290 771 Η
327 713 606 787 ἀριθμόν,
656 714 833 781 οὕτως
880 713 917 782 ὁ,
960 721 1026 770 Η
1064 714 1203 786 πρὸς
1247 714 1348 770 τὸν
1389 721 1440 770 Λ
1485 715 1579 769 καὶ
1619 712 1648 769 ὃ
1690 721 1740 769 Λ
1779 713 1917 785 πρὸς

221 803 324 859 τὸν
363 809 426 858 Β.
497 804 622 859 ὅσοι
662 802 771 874 ἄρα
811 807 889 869 εἰς
925 803 1058 870 τοὺς
1096 812 1167 874 A,
1200 810 1247 858 Β
1288 802 1489 874 μεταξὺ
1519 802 1656 857 κατὰ
1689 802 1752 858 τὸ
1787 819 1917 858 συν-

224 892 342 964 εχὲς
388 890 673 963 ἀνάλογον
722 892 1138 963 ἐμπεπτώκασιν
1195 889 1455 963 ἀριθμοί,
1511 895 1773 947 τοσοῦτοι
1823 892 1914 946 καὶ

226 982 491 1052 ἑκατέρου
536 984 650 1036 τῶν
697 988 775 1049 A,
809 986 856 1035 B
895 982 988 1036 καὶ
1029 980 1277 1052 μονάδος
1314 983 1411 1051 τῆς
1449 985 1501 1035 Ε
1536 978 1739 1050 μεταξὺ
1766 964 1913 1035 ικατὰ

138 1086 191 1125 10
221 1068 284 1126 τὸ
349 1068 574 1141 συνεχὲς
635 1066 922 1140 ἀνάλογον
986 1069 1404 1140 ἐμπεπτώκασιν
1457 1067 1716 1140 ἀριθμοί·
1781 1069 1915 1138 ὅπερ

224 1162 339 1214 ἔδει
380 1159 570 1225 δεῖξαι.

1048 1261 1106 1316 ι’.

332 1363 478 1420 Ἐὰν
533 1364 652 1420 δύο
709 1356 1017 1435 ἀριθμῶν
1082 1364 1396 1435 ἑκατέρου
1457 1364 1563 1418 καὶ
1627 1362 1918 1434 μονάδος

225 1452 465 1525 μεταξὺ
504 1451 663 1509 κατὰ
703 1451 773 1508 τὸ
816 1452 1090 1523 συνεχὲς
1129 1451 1466 1524 ἀνάλογον
1508 1455 1917 1524 ἐμπίπτωσιν

139 1559 194 1599 15
226 1539 532 1615 ἀριθμοί,
574 1541 720 1597 ὅσοι
755 1542 1070 1612 ἑκατέρου
1102 1539 1319 1597 αὐτῶν
1350 1541 1457 1597 καὶ
1491 1539 1782 1612 μονάδος
1814 1562 1915 1610 με·

223 1629 382 1696 ταξὺ
434 1628 596 1685 κατὰ
642 1627 712 1685 τὸ
763 1629 1035 1701 συνεχὲς
1082 1628 1417 1700 ἀνάλογον
1477 1632 1917 1700 ἐμπίπτουσιν

226 1719 536 1792 ἀριθμοί,
576 1722 890 1775 τοσοῦτοι
929 1719 1035 1773 καὶ
1078 1722 1171 1783 εἰς
1210 1716 1453 1784 αὐτοὺς
1486 1717 1725 1790 μεταξὺ
1757 1716 1916 1772 κατὰ

223 1807 287 1865 τὸ
329 1808 602 1880 συνεχὲς
640 1806 973 1878 ἀνάλογον
1014 1810 1472 1879 ἐμπεσοῦνται.

338 1897 465 1952 Δύο
514 1895 620 1968 γὰρ
670 1894 933 1967 ἀριθμῶν
973 1899 1087 1952 τῶν
1127 1906 1199 1965 A,
1233 1903 1279 1951 B
1318 1897 1410 1951 καὶ
1457 1895 1703 1967 μονάδος
1740 1898 1837 1966 τῆς
1874 1898 1926 1950 Γ

137 2010 195 2050 20
226 1986 428 2058 μεταξὺ
468 1983 606 2039 κατὰ
647 1983 709 2040 τὸ
744 1984 970 2056 συνεχὲς
1002 1983 1286 2055 ἀνάλογον
1318 1986 1728 2055 ἐμπιπτέτωσαν
1760 1981 1919 2055 ἀριθ-

226 2074 323 2146 μοὶ
370 2076 430 2129 οἵ
470 2095 528 2128 τε
569 2080 647 2143 Δ,
680 2078 733 2127 Ε
768 2072 860 2127 καὶ
901 2075 959 2128 οἰ
996 2079 1059 2141 Ζ,
1093 2078 1170 2127 Η·
1219 2073 1386 2143 λέγω,
1435 2072 1519 2128 ὅτι,
1568 2073 1691 2128 ὅσοι
1739 2072 1919 2127 ἑκατέ-

227 2183 332 2233 ρου
386 2155 500 2217 τῶν
549 2169 628 2231 A,
662 2166 708 2215 Β
755 2162 847 2216 καὶ
894 2160 1142 2232 μονάδος
1188 2163 1286 2232 τῆς
1331 2166 1384 2216 Γ
1423 2159 1626 2232 μεταξὺ
1671 2158 1808 2216 κατὰ
1855 2157 1918 2214 τὸ

227 2249 454 2323 συνεχὲς
508 2247 791 2319 ἀνάλογον
854 2249 1271 2320 ἐμπεπτώκασιν
1338 2247 1599 2321 ἀριθμοί,
1660 2251 1918 2304 τοσοῦτοι

226 2339 319 2393 καὶ
368 2342 446 2403 εἰς
492 2337 624 2403 τοὺς
663 2346 733 2408 A,
766 2343 814 2392 Β
852 2335 1055 2409 μεταξὺ
1093 2335 1232 2393 κατὰ
1271 2336 1334 2393 τὸ
1377 2337 1602 2409 συνεχὲς
1634 2335 1919 2407 ἀνάλογον

138 2453 196 2492 25
230 2429 611 2499 ἐμπεσοῦνται.

347 2579 387 2618 2.
422 2571 538 2629 πρὸς
568 2570 652 2618 τὸν
684 2578 817 2618 Μ-
843 2579 892 2618 4:
924 2571 1042 2629 πρὸς
1073 2572 1156 2618 τὸν
1187 2575 1252 2634 Α]
1287 2574 1393 2619 add.
1426 2588 1486 2620 m.
1520 2579 1546 2617 2
1589 2572 1648 2626 B;
1689 2573 1770 2617 sed
1802 2570 1919 2628 πρὸς

227 2629 311 2677 τὸν
337 2638 373 2676 Α
397 2632 477 2678 lin.
503 2637 532 2676 4
557 2633 700 2677 etiam
723 2633 775 2677 in
797 2635 931 2678 texssu
963 2636 1071 2678 sunt
1102 2647 1131 2677 a
1161 2649 1224 2680 m.
1258 2639 1297 2678 1.
1419 2638 1460 2677 2.
1496 2634 1594 2682 ι”σος
1625 2631 1677 2676 δὲ
1713 2629 1738 2677 ὁ
1771 2635 1831 2676 Μ
1854 2632 1916 2690 τῷ

228 2692 296 2750 A]
339 2688 364 2736 ὃ
404 2689 458 2736 δὲ
499 2695 560 2735 Μ
592 2689 673 2762 (μή
717 2695 770 2748 φ)
812 2693 874 2752 τῷ
915 2698 950 2736 Α
985 2690 1111 2736 ἐστιν
1144 2693 1241 2743 ἴσος
1272 2691 1430 2748 BVq>;
1469 2692 1519 2736 in
1553 2692 1592 2735 V
1624 2692 1741 2736 haec
1773 2691 1918 2746 uerba

229 2753 277 2795 et
310 2765 405 2807 seq.
439 2751 499 2795 ad
531 2767 648 2806 προς
678 2748 761 2795 τὸν
793 2756 829 2795 Α
861 2751 943 2795 lin.
976 2757 1005 2795 4
1036 2750 1085 2795 in
1116 2767 1208 2809 mg.
1243 2753 1352 2795 sunt
1383 2766 1442 2795 m.
1468 2756 1509 2795 2.
1632 2756 1673 2794 3.
1705 2746 1764 2808 ἡ]
1801 2763 1915 2794 corr.

230 2824 286 2855 ex
318 2806 342 2854 ὃ
378 2827 428 2865 φ.
554 2814 621 2855 13.
658 2807 907 2869 ἑκατέρου]
954 2825 1043 2855 om.
1078 2810 1241 2854 Theon
1273 2810 1459 2866 (BVQ).
1586 2814 1654 2854 15.
1690 2807 1798 2865 ἑξῆς
1839 2825 1918 2865 με·

228 2866 345 2972 mgb
379 2869 547 2972 Theo&
575 2868 762 2926 (Bch).
903 2875 973 2914 16.
1005 2866 1088 2928 τό]
1123 2883 1212 2914 om.
1246 2869 1302 2916 V.
1457 2873 1523 2913 18.
1559 2863 1816 2926 ἀνάλογον]
1858 2882 1917 2913 m.

229 2933 256 2973 2
336 2965 348 2988 ,
381 2943 472 2974 om.
557 2945 606 2984 φ.
