1988 3152
108 1125 163 1165 10

107 1581 161 1622 15

106 2023 164 2064 20

196 114 266 167 58
833 116 1172 159 ΣΤΟΙΧΕΙΩΝ
1203 131 1224 160 ε
1237 113 1264 161 ’.

196 233 258 288 δὲ
312 230 451 307 πρὸς
505 230 568 288 τὸ
624 230 761 287 αὐτὸ
818 231 991 303 λόγον
1043 232 1286 305 ἐχόντων
1332 255 1393 289 το
1443 237 1668 305 μείζονα
1716 232 1889 304 λόγον

196 325 324 392 ἕχον
372 319 559 391 μεῖζόν
609 322 774 375 ἐστιν.
843 326 1030 391 μεῖζον
1069 320 1180 393 ἄρα
1217 319 1279 378 τὸ
1321 329 1375 376 A
1413 325 1514 377 τοῦ
1555 328 1614 376 Ζ.
1685 319 1891 394 ὁμοίως

198 406 267 479 δὴ
309 409 588 479 δείξομεν,
638 406 723 463 ὅτι
761 404 869 463 κᾶν
910 415 1036 464 ἴσον
1074 401 1111 482 ᾖ
1150 408 1212 465 τὸ
1254 417 1308 464 Α
1344 413 1420 486 τῷ
1461 415 1525 480 Γ,
1573 416 1699 466 ἴσον
1740 414 1890 464 ἔσται

195 496 288 552 καὶ
328 494 389 551 τὸ
432 502 488 549 A
524 497 600 570 τῷ
643 501 704 567 Ζ,
743 491 850 551 κᾶν
891 500 1138 567 ἔλαττον,
1178 500 1421 552 ἔλαττον.
1880 541 1888 547 .

299 581 432 639 Ἐὰν
479 582 591 656 ἄρα
636 576 670 658 ᾗ
718 589 846 658 τρία
895 586 1104 657 μεγέθη
1151 585 1244 640 καὶ
1285 583 1426 640 ἄλλα
1466 582 1655 652 αὐτοῖς
1695 593 1789 642 ἴσα
1827 585 1888 642 τὸ

193 674 437 743 πλῆθος,
486 670 700 726 σύνδυο
747 670 1145 743 λαμβανόμενα
1182 671 1275 726 καὶ
1317 673 1377 727 έν
1416 676 1491 747 τῷ
1532 670 1682 750 αὐτῷ
1722 673 1892 750 λόγῳ,

195 748 270 817 δι’
316 767 444 815 ἴσου
491 758 555 814 δὲ
600 757 661 814 τὸ
712 762 935 832 πρῶτον
982 762 1083 815 τοῦ
1130 764 1322 831 τρίτου
1361 765 1547 831 μεῖζον
1587 754 1648 834 ᾖ,
1696 763 1788 817 καὶ
1827 761 1889 818 τὸ

192 849 455 920 τέταρτον
494 850 597 903 τοῦ
638 848 800 903 ἕκτου
839 853 1026 918 μεῖζον
1067 851 1236 918 ἔσται,
1276 844 1382 903 κᾶν
1415 855 1559 920 ἴσον,
1601 856 1747 922 ἴσον,
1786 847 1893 907 κᾶν

195 941 440 1007 ἔλαττον,
482 939 733 991 ἔλαττον·
797 933 932 1007 ὅπερ
975 939 1087 991 ἔδει
1129 937 1318 1002 δεῖξαι.

982 1111 1097 1169 κα’.

300 1214 447 1271 Ἐὰν
494 1208 529 1288 ᾖ
578 1218 724 1287 τρία
764 1216 1011 1287 μεγέθη
1053 1215 1160 1271 καὶ
1200 1215 1364 1272 ἄλλα
1403 1215 1632 1284 αὐτοῖς
1672 1224 1779 1274 ἴσα
1818 1217 1889 1275 τὸ

193 1307 450 1376 πλῆθος
497 1301 749 1358 σύνδυο
798 1303 1273 1376 λαμβανόμενα
1318 1305 1424 1360 καὶ
1474 1308 1543 1362 ἐν
1589 1309 1671 1381 τῷ
1721 1304 1892 1383 αὐτῷ

194 1392 391 1468 λόγῳ,
452 1384 489 1464 ᾖ
554 1391 615 1448 δὲ
675 1393 1126 1465 τεταραγμένη
1183 1392 1398 1450 αὐτῶν
1452 1393 1486 1466 ἡ
1542 1394 1894 1467 ἀναλογία,
1982 1411 1988 1418 “

195 1478 279 1536 δι’
317 1488 468 1536 ἴσου
501 1480 571 1536 δὲ
602 1479 672 1536 τὸ
704 1484 967 1553 πρῶτον
996 1484 1114 1538 τοῦ
1152 1487 1379 1554 τρίτου
1418 1488 1641 1555 μεῖζον
1680 1476 1740 1557 ᾗ,
1787 1483 1895 1539 καὶ

195 1559 619 1641 τὸτέταρτον
658 1572 774 1624 τοῦ
813 1570 1005 1626 ἕκτου
1044 1577 1266 1642 μεῖζον
1308 1576 1514 1642 ἔσται,
1554 1568 1678 1627 κᾶν
1719 1579 1895 1644 ἴσον,

195 1665 371 1728 ἴσον,
410 1654 531 1713 κᾶν
572 1661 874 1730 ἔλαττον,
916 1663 1207 1716 ἔλαττον.

291 1744 472 1802 ”Εστω
518 1750 646 1818 τρία
693 1746 903 1818 μεγέθη
951 1746 1017 1802 τὰ
1058 1755 1138 1819 Α,
1179 1754 1252 1818 Β,
1292 1753 1346 1803 Γ
1383 1748 1476 1804 καὶ
1524 1746 1666 1804 ἄλλα
1705 1746 1896 1814 αὐτοῖς
1982 1811 1988 1822 ³

196 1841 289 1890 ἴσα
326 1832 391 1891 τὸ
431 1837 649 1906 πλῆθος
686 1833 754 1889 τὰ
788 1841 862 1906 Δ,
900 1842 967 1906 Ε,
1009 1842 1072 1907 Ζ,
1115 1835 1329 1892 σύνδυο
1370 1836 1768 1909 λαμβανόμενα
1803 1836 1895 1891 καὶ
1983 1828 1988 1851 ⁵

196 1925 257 1979 ἐν
311 1926 386 1998 τῷ
443 1919 592 1998 αὐτῷ
647 1921 826 1998 λόγῳ,
882 1928 1021 1980 ἔστω
1077 1923 1139 1980 δὲ
1191 1927 1564 1998 τεταραγμένη
1621 1923 1808 1981 αὐτῶν
1861 1922 1895 1995 ἡ
1981 1943 1988 1950 “

197 2010 488 2084 ἀναλογία,
531 2009 606 2078 ὥς
644 2013 748 2083 μὲν
786 2011 849 2067 τὸ
890 2021 944 2068 Α
982 2011 1121 2086 πρὸς
1158 2012 1221 2069 τὸ
1256 2019 1322 2084 Β,
1363 2012 1541 2079 οὕτως
1578 2011 1640 2069 τὸ
1673 2019 1725 2068 Ε
1759 2011 1899 2086 πρὸς
1985 2022 1988 2025 ’

195 2099 258 2156 τὸ
302 2106 371 2171 Ζ,
422 2097 499 2166 ὡς
547 2099 609 2156 δὲ
654 2098 716 2156 τὸ
758 2106 805 2156 Β
848 2099 991 2174 πρὸς
1027 2100 1089 2157 τὸ
1132 2106 1196 2172 Γ,
1244 2099 1421 2168 οὕτως
1459 2100 1521 2159 τὸ
1563 2108 1619 2157 A
1656 2100 1795 2173 πρὸς
1832 2100 1895 2157 τὸ

196 2195 263 2260 Ε,
299 2187 365 2244 δι’
405 2195 534 2245 ἴσου
566 2188 629 2244 δὲ
666 2187 729 2244 τὸ
763 2196 816 2244 Α
846 2193 948 2246 τοῦ
980 2195 1035 2246 Γ
1065 2195 1251 2261 μεῖζον
1284 2194 1444 2246 ἔστω·
1493 2191 1653 2262 λέγω,
1688 2188 1772 2246 ὅτι
1804 2189 1896 2245 καὶ
1984 2251 1988 2255 ,

196 2276 258 2333 τὸ
303 2283 359 2331 A
397 2279 499 2332 τοῦ
540 2282 585 2331 Ζ
625 2281 812 2348 μεῖζον
852 2281 1030 2349 ἔσται,
1071 2275 1177 2333 κᾶν
1219 2284 1372 2349 ἴσον,
1415 2284 1557 2348 ἴσον,
1596 2274 1703 2333 κᾶν
1744 2281 1897 2333 ἔλατ-

197 2387 315 2437 τον,
358 2368 602 2422 ἔλαττον.

321 2548 358 2587 1.
399 2538 452 2586 τὸ
500 2537 654 2598 αὐτό]
694 2537 810 2586 αυτό
850 2540 951 2599 Bp3
998 2542 1045 2586 in
1084 2557 1115 2599 p
1158 2557 1299 2600 supra
1338 2557 1423 2588 scr.
1464 2540 1531 2589 τό.
1662 2549 1701 2588 2.
1738 2538 1893 2588 ε’κεῖνο

199 2603 361 2659 μεῖζον
411 2601 573 2646 Theon
625 2601 866 2658 (BFVp).
1022 2597 1167 2660 ἐστιν]
1208 2602 1272 2673 Ρς·
1310 2616 1460 2659 comp.
1501 2617 1556 2659 p3
1605 2598 1701 2647 ἐστι
1748 2601 1896 2647 BFV.

261 2659 442 2718 μεῖζον]
477 2673 594 2705 corr.
628 2673 686 2704 ex
717 2660 885 2717 μείζων
917 2660 972 2705 V.
1095 2666 1136 2705 3.
1170 2659 1223 2705 τὸ
1259 2662 1324 2719 A]
1358 2675 1452 2718 mg.
1478 2676 1538 2706 m.
1564 2676 1656 2707 rec.
1682 2662 1730 2706 F.
1854 2666 1896 2706 4.

200 2715 286 2790 τό]
320 2733 437 2763 corr.
471 2733 526 2764 ex
558 2719 621 2776 τῷ
655 2718 704 2763 Ρ.
845 2716 1062 2775 ἔλασσον,
1097 2717 1294 2764 ἔλασσον
1325 2734 1368 2776 p.
1514 2725 1556 2766 8.
1609 2722 1710 2765 ἴσον
1752 2718 1897 2777 ἐ’,σται

200 2773 293 2822 κᾶν
316 2777 369 2822 P.
463 2782 504 2823 9.
541 2764 750 2832 ἔλασσον,
785 2775 979 2823 ἔλασσον
1011 2793 1056 2835 Ρ.
1090 2783 1093 2789 “
1151 2784 1221 2824 16.
1266 2777 1483 2836 ἔλασσον,
1526 2777 1721 2824 ἔλασσον
1746 2779 1895 2850 va.

262 2842 332 2881 17.
382 2835 567 2893 μεγέθη
615 2832 852 2908 αναλογον
891 2836 1135 2894 PBFVp3
1184 2852 1298 2882 corr.
1340 2837 1606 2910 Gregorius.
1742 2834 1829 2909 τᾷ]
1871 2852 1896 2883 e

201 2910 317 2941 corr.
348 2894 469 2940 Vm.
506 2901 546 2942 2.
688 2901 757 2942 19.
790 2891 850 2954 ἡ]
885 2908 974 2940 om.
1009 2896 1067 2951 B3
1102 2910 1234 2942 enan.
1266 2897 1324 2953 F3
1358 2893 1420 2949 ὡς
1452 2914 1502 2953 φ.
1640 2902 1712 2944 22.
1744 2894 1797 2942 τὸ
1830 2896 1895 2955 A]
