1988 3152
481 75 943 118 ELEMENTORUM
980 75 1164 116 LIBER
1193 73 1320 115 vm.
1638 69 1744 122 291

52 199 202 268 titur,
239 215 308 249 ne
339 199 386 248 Z
423 195 641 265 quidem
679 212 964 247 numerum
994 196 1061 246 H
1092 193 1316 246 metitur
1350 191 1482 258 [VII
1507 192 1612 246 def.
1637 193 1750 259 20].

53 289 235 357 itaque
258 289 304 338 Z
341 284 521 337 unitas
552 301 664 337 non
696 287 802 352 est3
842 301 970 336 nam
1000 283 1183 335 unitas
1216 299 1429 335 omnem
1460 299 1750 334 numerum

52 376 287 429 metitur.
364 375 418 425 et
457 375 518 442 Ζ,
556 376 604 426 Θ
642 373 785 425 inter
824 390 882 424 se
922 371 1085 440 primi
1126 373 1253 423 sunt
1293 371 1469 439 [prop.
1500 369 1624 436 III].
1696 372 1750 421 et

54 467 137 517 est
176 466 258 515 Z:
283 465 331 514 Θ
355 487 425 505 =
451 466 539 514 A:
563 463 625 514 Γ.
678 462 860 530 itaque
901 459 1033 527 [VII
1066 459 1168 512 def.
1201 459 1295 525 20]
1334 477 1402 511 ne
1441 463 1495 512 A
1535 457 1751 529 quidem

52 569 336 605 numerum
389 551 443 602 Γ
490 549 728 602 metitur.
806 548 1056 602 similiter
1111 546 1627 616 demonstrabimus,
1679 565 1750 599 ne

52 641 217 694 alium
255 638 473 708 quidem
509 638 681 690 ullum
722 636 888 690 alium
929 654 1244 689 mensurum
1277 653 1415 704 esse3
1458 635 1602 704 quod
1635 638 1752 689 erat

51 726 542 782 demonstrandum.

835 828 957 882 VH.

166 919 222 974 Si
271 919 541 989 quotlibet
589 918 800 971 numeri
840 917 1091 986 deinceps
1129 917 1566 986 proportionales
1607 918 1749 986 sunt,

55 1013 111 1063 et
147 1010 355 1080 primus
394 1008 647 1061 ultimum
688 1008 934 1076 metitur,
975 1007 1138 1059 etiam
1179 1005 1470 1059 seeundum
1509 1006 1749 1061 metitur.

51 1116 220 1155 Az——1
708 1095 829 1149 Sint
897 1095 1165 1164 quotlibet
1224 1095 1436 1147 numeri
1498 1095 1750 1164 deinceps

54 1203 319 1244 B1——1
593 1184 1028 1255 proportionales
1068 1188 1136 1251 A,
1167 1186 1230 1252 Β,
1270 1185 1330 1251 Γ,
1370 1186 1440 1247 Λ,
1481 1186 1534 1236 et
1565 1188 1620 1235 A
1655 1202 1752 1236 nu-

54 1291 382 1332 r÷—-——·
593 1291 801 1326 merum
850 1277 905 1324 A
951 1272 1224 1325 metiatur.
1303 1271 1447 1336 dico,
1486 1277 1540 1324 A
1588 1272 1751 1325 etiam

466 1390 472 1419 ι
592 1379 875 1414 numerum
914 1364 962 1413 Β
1002 1360 1196 1414 metiri.

162 1471 290 1506 nam
331 1452 378 1504 si
416 1457 469 1504 A
507 1469 791 1504 numerum
830 1453 877 1502 B
917 1468 1028 1503 non
1067 1450 1312 1517 metitur,
1350 1467 1418 1501 ne
1459 1449 1596 1501 alius
1637 1449 1752 1518 qui-

51 1541 173 1594 dem
218 1541 359 1593 ullus
409 1541 574 1592 alium
613 1539 870 1592 metietur
911 1539 1087 1606 [prop.
1119 1536 1241 1604 V1].
1301 1538 1526 1591 metitur
1565 1540 1749 1591 autem

54 1635 107 1682 A
145 1647 425 1682 numerum
467 1633 535 1681 A.
613 1644 742 1697 ergo
782 1631 835 1679 A
884 1627 1050 1679 etiam
1096 1644 1380 1679 numerum
1419 1629 1467 1678 B
1507 1627 1749 1695 metitur3

55 1718 198 1787 quod
237 1720 355 1770 erat
394 1715 890 1769 demonstrandum.

53 1382 95 1421 Δ
107 1414 109 1419 .

822 1847 972 1901 VIII.

166 1937 224 1991 Si
284 1940 427 1991 inter
489 1937 621 1991 duos
683 1954 939 1990 numeros
996 1936 1288 1990 secundum
1342 1936 1751 2007 proportionem

54 2027 366 2081 continuam
412 2026 621 2079 numeri
669 2025 882 2094 aliquot
927 2025 1375 2094 interponuntur,
1430 2029 1565 2095 quot
1609 2026 1753 2078 inter

55 2134 147 2169 eos
191 2116 484 2169 secundum
522 2114 932 2183 proportionem
978 2114 1290 2166 continuam
1329 2114 1752 2183 interponuntur

52 2205 284 2273 numeri,
337 2203 564 2256 totidem
617 2203 781 2255 etiam
831 2202 972 2255 inter
1018 2220 1134 2272 608,
1181 2203 1274 2272 qui
1313 2202 1538 2256 eandem
1585 2205 1749 2258 ratio-

53 2311 176 2346 nem
214 2293 432 2361 habent,
472 2291 765 2345 secundum
798 2292 1205 2360 proportionem
1237 2291 1554 2345 continuam
1585 2292 1750 2346 inter-

54 2385 335 2450 ponentur.

165 2468 316 2522 Nam·
343 2470 486 2523 inter
523 2470 656 2523 duos
697 2487 951 2523 numeros
993 2474 1067 2539 A,
1098 2473 1145 2522 B
1186 2469 1479 2523 secundum
1524 2489 1749 2540 propor-

56 2558 258 2611 tionem
298 2559 610 2612 continuam
647 2559 858 2611 numeri
898 2558 1107 2627 aliquot
1145 2560 1205 2624 Γ,
1246 2562 1302 2611 A
1331 2558 1750 2629 interponantur

57 2728 275 2789 μετρήσει
315 2731 420 2777 add.
459 2733 569 2790 Vm:
610 2729 727 2790 ὅπερ
767 2730 967 2778 ἄτοπον·
1013 2729 1266 2778 ὑπόκειται
1304 2731 1394 2790 γὰρ
1436 2730 1460 2778 ὁ
1501 2738 1542 2777 Α
1581 2731 1664 2779 τὸν
1705 2739 1748 2779 A

56 2790 417 2895 ffitgstmvidem
448 2792 485 2836 Β
516 2808 608 2850 mg.
640 2809 701 2838 m.
736 2798 776 2838 2.
916 2797 986 2837 22.
1021 2791 1207 2851 αὐτοῖς]
1241 2807 1332 2839 om.
1365 2793 1417 2836 P.
1571 2798 1641 2839 25.
1677 2795 1745 2854 Γ]

1390 2924 1479 2969 19*
