1988 3152
571 122 1031 188 ELEMENTORUM
1059 123 1241 166 LIBER
1272 124 1350 167 VI.
1730 121 1836 175 139

145 260 200 295 se
268 243 533 296 rationem
601 241 809 295 habent
878 260 1042 311 quam
1118 243 1289 297 latera
1358 241 1838 312 correspondentia

143 333 316 401 [prop.
340 329 513 398 XIX].
576 349 740 400 quare
773 331 937 384 etiam

430 421 718 472 ΑΒΓΔΕ
741 439 753 472 :
778 422 1072 472 ΖΗΘΚΛ
1099 444 1168 462 =
1193 417 1327 472 ΑΒ2
1351 439 1363 472 :
1389 416 1546 474 ZH2.

251 507 401 577 Ergo
443 507 643 560 similia
682 508 957 578 polygona
995 508 1052 560 in
1090 509 1397 578 triangulos
1440 511 1494 562 et
1535 508 1741 563 similes
1783 511 1836 562 et

138 595 390 666 aequales
438 614 661 650 numero
711 599 766 650 et
811 598 944 651 totis
985 597 1466 668 correspondentes
1507 597 1838 668 diuiduntur,

136 687 191 738 et
259 686 593 756 polygonum
661 685 727 739 ad
789 686 1122 756 polygonum
1178 686 1508 756 duplicatam
1569 687 1836 740 rationem

134 772 302 826 habet
319 793 482 844 quam
506 775 650 828 latus
676 773 1103 844 correspondens
1131 775 1198 828 ad
1223 775 1368 829 latus
1394 776 1834 846 correspondens.

758 950 1209 1007 Corollarium.

249 1054 325 1107 Et
365 1055 614 1108 similiter
645 1055 813 1109 etiam
852 1057 909 1109 in
942 1056 1320 1126 quadrilateris
1354 1056 1834 1127 demonstrabitur,

138 1162 200 1198 ea
227 1143 560 1213 duplicatam
591 1144 859 1199 rationem
898 1145 1098 1199 hab‘ere
1125 1163 1287 1214 quam
1319 1145 1492 1198 latera
1516 1163 1835 1216 correspon-

139 1233 346 1302 dentia3
380 1236 433 1287 et
463 1233 608 1287 idem
640 1235 699 1286 in
730 1234 1021 1304 triangulis
1047 1234 1484 1287 demonstratum
1517 1237 1613 1287 est.
1669 1252 1835 1304 quare

141 1319 364 1376 omnino
407 1323 612 1376 similes
653 1324 860 1394 figurae
892 1323 1207 1376 rectilineae
1236 1322 1381 1375 inter
1413 1340 1469 1375 se
1502 1322 1835 1393 duplicatam

130 1412 404 1466 rationem
442 1412 648 1465 habent
672 1431 836 1482 quam
867 1412 1042 1465 latera
1074 1411 1569 1481 correspondentia.
1597 1442 1660 1450 —
1691 1412 1833 1482 quod

134 1503 251 1554 erat
291 1501 786 1556 demonstrandum.

134 1703 375 1764 ὡσαύτως]
402 1703 459 1751 ὦ·
482 1722 544 1753 m.
570 1712 595 1751 2
622 1707 676 1751 V.
779 1703 979 1766 ὁμοίων]
1005 1720 1148 1765 supra
1171 1722 1232 1750 m.
1257 1719 1350 1751 rec.
1374 1704 1423 1749 P.
1526 1709 1595 1749 12.
1630 1703 1749 1750 εἰσίν
1780 1706 1831 1762 F,

129 1760 230 1809 ἐστι’
257 1765 349 1839 Bp.
505 1772 573 1812 15.
615 1764 726 1824 εἰσί]
768 1766 878 1822 PV,
917 1766 953 1810 F
985 1782 1046 1811 m.
1078 1771 1128 1822 2,
1167 1781 1220 1823 p3
1256 1763 1373 1810 εἰσιν
1404 1764 1463 1818 Β;
1499 1760 1596 1809 ἐστι
1626 1763 1663 1807 F
1695 1780 1755 1811 m.
1792 1770 1831 1812 1.

197 1830 265 1869 16.
305 1841 422 1881 οπερ
464 1824 562 1870 ἔδει
603 1825 780 1884 δεῖξαι]
822 1826 879 1881 Ρς
921 1838 1011 1870 om.
1052 1826 1215 1870 Theon
1247 1823 1471 1881 (BFVp).
1551 1824 1724 1869 Totum
1756 1838 1832 1870 co-

128 1883 374 1930 rollarium
416 1899 504 1930 om.
547 1884 825 1942 Campanus.
952 1890 1020 1930 17.
1053 1882 1259 1942 πόρισμα
1298 1879 1369 1942 β’]
1411 1897 1501 1928 om.
1536 1883 1692 1940 codd.‚
1736 1898 1831 1941 seq.

46 1993 52 2000 ‚
127 1958 233 1989 cum
257 1944 417 1990 coroll.
441 1944 597 2002 priore
623 1944 897 1989 coniunctis.
923 1943 1003 1990 lin.
1034 1948 1207 1989 18—28
1233 1944 1282 1988 in
1307 1957 1401 2000 mg.
1427 1941 1647 1988 inferiore
1670 1958 1731 1989 m.
1753 1949 1775 1988 1
1794 1945 1831 1988 P

126 2025 211 2069 pro
245 2011 448 2068 scholio,
480 2010 614 2069 signo
641 2008 712 2073 &s
737 2011 828 2055 huc
866 2011 1082 2057 relatum.
1208 2014 1276 2055 18.
1312 2009 1430 2067 ZH]
1475 2011 1524 2052 H
1558 2008 1609 2053 in
1648 2023 1737 2056 ras.
1778 2011 1829 2055 F.

189 2083 259 2123 19.
292 2076 380 2134 τὴν
412 2078 482 2136 Ξ]
518 2091 613 2134 seq.
646 2091 735 2122 ras.
764 2083 786 2122 1
814 2076 906 2121 litt.
931 2076 997 2131 V;
1030 2090 1143 2122 corr.
1179 2090 1235 2121 ex
1265 2076 1344 2131 τῆι
1376 2076 1482 2123 ΝΞ
1510 2073 1560 2120 F.
1651 2071 1681 2132 ἡ
1716 2079 1798 2120 ΒΑ

131 2151 157 2183 e
188 2151 304 2182 corr.
337 2138 388 2181 F.
511 2138 557 2185 Ξ
615 2138 722 2193 post
754 2151 844 2181 ras.
876 2137 937 2191 F,
969 2138 1078 2181 ante
1108 2150 1198 2181 ras.
1232 2135 1274 2179 V
1300 2136 1343 2192 (1
1368 2134 1496 2191 litt).
1619 2139 1691 2180 20.
1723 2138 1807 2180 AB

128 2201 210 2241 BA
245 2197 292 2242 P.
427 2201 499 2242 21.
533 2193 561 2253 ἦ
627 2211 742 2241 corr.
777 2210 834 2240 ex
864 2197 952 2240 καί
977 2211 1037 2240 m.
1071 2199 1097 2240 2
1131 2195 1193 2248 V;
1228 2209 1318 2239 om.
1351 2193 1444 2251 Bp.
1583 2198 1653 2238 23.
1687 2198 1828 2239 πλευ-

125 2253 236 2315 ράν]
262 2257 313 2312 P,
338 2270 428 2301 om.
461 2256 649 2313 BFVp.
741 2260 813 2300 25.
845 2252 1054 2310 πόρισμα
1085 2269 1178 2313 mg.
1212 2253 1354 2311 BVp.
1416 2253 1516 2298 καῖ
1537 2250 1753 2311 φανερόν
1783 2269 1830 2312 p.

186 2321 256 2361 27.
307 2313 451 2374 εἶδος]
500 2318 723 2372 sequente
766 2329 856 2360 ras.
907 2321 930 2359 1
974 2313 1066 2359 litt.
1112 2311 1414 2371 m'(uestigia
1461 2316 1570 2357 sunt
1616 2314 1828 2371 syllabae

125 2390 203 2419 -ον
241 2375 310 2430 F).
432 2371 569 2433 πρός]
612 2389 752 2432 supra
790 2373 846 2418 V.
978 2379 1049 2419 28.
1092 2371 1310 2430 Sequitur
1349 2371 1446 2416 alia
1486 2371 1826 2419 demonstratio

127 2434 355 2479 secundae
385 2434 533 2492 partis
565 2433 919 2492 propositionis,
952 2446 1072 2490 quae
1108 2448 1148 2478 u.
1180 2432 1230 2477 in
1262 2432 1534 2490 appendice.
