1988 3152
549 116 1009 158 ELEMENTORUM
1038 117 1221 159 LIBER
1255 116 1331 159 VI.
1701 114 1808 168 103

111 253 229 288 esse
260 235 425 288 etiam
455 233 793 290 ΔΑΔΓΝ
818 237 997 287 ΑΒΓ.
1058 237 1187 305 erg'o
1229 237 1454 304 uterque
1492 233 1804 305 triangulus

114 327 304 392 ABA,
328 326 510 377 ΑΔΓ
540 322 818 392 triangulo
858 323 962 375 toti
1000 326 1173 376 ΑΒΓ
1205 323 1396 381 similis
1439 324 1536 376 est.

221 413 329 464 iam
377 412 519 480 dico,
566 410 873 481 triangulos
913 414 1100 480 ΑΒΔ,
1126 414 1309 464 ΑΔΓ
1342 412 1509 464 etiam
1555 410 1698 464 inter
1747 429 1803 463 se

114 500 316 553 similes
357 519 489 558 esse.
1591 548 1595 552 .

219 607 347 642 nam
413 589 686 659 quoniam·
734 592 771 649 L
795 590 967 640 BAA
992 613 1062 631 =
1086 590 1265 642 ΑΔΓ
1300 586 1460 657 (recti
1512 584 1696 659 enim),
1752 590 1805 640 et

0 641 2 710 ζ
109 677 541 739 demonstratum
581 679 679 746 est,
710 681 746 739 L
770 679 939 730 BAA
973 677 1170 748 angulo
1212 676 1280 729 ad
1311 678 1365 728 Γ
1397 675 1578 744 posito
1613 693 1805 744 aequa—

106 765 214 818 lem
255 783 386 835 esse,
425 766 590 819 etiam
631 765 723 834 qui
760 764 1085 834 relinquitur
1125 766 1355 836 angulus
1391 764 1458 818 ad
1492 767 1539 815 Β
1571 764 1803 834 positUS,

0 868 1 880 ¹
112 854 312 923 angulo
362 857 537 907 ΔΑΓ
578 853 817 922 aequalis
867 854 971 907 erit
1021 853 1083 923 [I,
1118 854 1231 921 32].
1305 854 1487 922 itaque
1543 852 1804 923 trianguli

0 943 1 949 ’
108 945 512 1012 ΑΒΔ,ΑΔΓ
557 942 906 1012 aequianguli
954 945 1096 995 sunt.
1171 945 1254 996 est
1305 942 1474 1012 igitur
1521 944 1670 995 BA:
1697 945 1808 994 AA

110 1055 180 1073 =
207 1034 327 1082 AA
360 1050 371 1084 :
404 1033 522 1083 ΔΓ
551 1056 621 1074 =
661 1033 766 1084 BA
797 1050 809 1083 ε
839 1033 956 1083 ΑΓ
998 1033 1172 1101 [prop.
1218 1029 1347 1100 IV];
1400 1048 1529 1085 nam
1579 1033 1694 1082 BA
1748 1030 1806 1082 in

107 1119 384 1189 triangulo
409 1123 585 1179 ΑΒΔ
611 1119 709 1172 sub
743 1121 852 1171 ΒΑ
863 1122 918 1172 Δ
958 1119 1238 1173 subtendit
1278 1121 1333 1171 et
1370 1122 1487 1170 AA
1534 1118 1593 1170 in
1639 1118 1808 1171 trian-

109 1207 237 1277 gulo
262 1209 443 1260 ΑΔΓ
476 1207 575 1261 sub
620 1208 819 1284 angulo
860 1207 928 1263 ad
967 1209 1022 1260 Γ
1051 1208 1234 1276 posito
1277 1205 1557 1260 subtendit
1607 1207 1805 1276 angulo

107 1299 211 1348 BA
221 1300 277 1348 A
318 1296 554 1365 aequali,
594 1299 650 1349 εὴ
688 1300 742 1348 A
753 1299 810 1348 A
846 1296 905 1348 in
942 1296 1219 1366 triangulo
1244 1299 1422 1349 ΑΒΔ
1462 1295 1562 1348 sub
1604 1295 1805 1365 angulo

30 1394 34 1398 ’
115 1383 183 1436 ad
214 1387 261 1436 Β
301 1384 480 1453 POSstO
523 1383 814 1453 subtendit,
855 1386 973 1437 ΔΓ
1007 1387 1190 1437 autem
1229 1385 1287 1436 in
1327 1384 1606 1454 triangulo
1631 1388 1685 1436 A
1697 1386 1813 1436 ΔΓ

11 1487 21 1555 .ss
109 1473 209 1526 sub
275 1475 448 1526 ΔΑΓ
505 1473 705 1542 angulo
771 1471 839 1524 ad
893 1475 941 1524 B
1004 1472 1185 1540 posito
1243 1473 1481 1543 aequali,
1552 1475 1606 1526 et
1657 1491 1808 1543 prae-

108 1566 257 1615 terea
302 1564 561 1631 BA,AF
602 1561 700 1615 sub
747 1561 908 1614 rectis
957 1560 1172 1631 angulis
1214 1561 1560 1615 subtendunt.
1623 1561 1807 1630 itaque

108 1649 168 1707 Δ
192 1654 452 1703 ΑΒΔΝ
476 1652 661 1703 ΑΛΓ
687 1648 812 1716 [def.
849 1650 917 1716 1].

220 1738 373 1810 Ergo
415 1739 459 1792 si
499 1740 558 1791 in
597 1738 871 1808 triangulo
919 1739 1235 1808 rectangulo
1291 1737 1359 1790 ab
1410 1738 1610 1807 angulo
1657 1741 1807 1790 recto

37 1885 46 1895 ⁸
120 1828 187 1887 ad
241 1829 415 1881 basim
463 1826 923 1904 perpendicularis
976 1826 1211 1897 ducitur,
1272 1826 1536 1898 trianguli
1577 1826 1644 1880 ad
1692 1844 1810 1895 per-

122 1918 521 1995 pendicularem
568 1916 735 1995 positi
778 1907 982 1969 similes
1023 1918 1180 1968 erunt
1220 1917 1275 1969 et
1321 1915 1425 1969 toti
1465 1917 1520 1968 et
1557 1915 1698 1968 inter
1739 1933 1811 1969 se.

735 2091 1189 2146 Corollarium.

221 2198 363 2251 Hinc
410 2195 758 2252 manifestum
809 2198 893 2248 est
903 2237 916 2264 ‚
966 2195 1012 2248 si
1064 2195 1125 2247 in
1169 2194 1444 2274 triangulo
1491 2194 1808 2264 rectangulo

113 2287 180 2340 ab
238 2287 435 2357 angulo
492 2288 640 2338 recto
696 2285 764 2337 ad
819 2284 994 2337 basim
1049 2282 1511 2353 perpendicularis
1567 2282 1812 2352 ducatur,

2 2502 3 2505 ’
112 2506 174 2538 m.
204 2506 295 2537 rec.
420 2496 487 2535 14.
528 2487 898 2548 ὑποτείνουσαν]
941 2506 989 2533 -ν
1030 2503 1144 2534 eras.
1188 2488 1239 2534 F.
1366 2493 1435 2533 15.
1477 2488 1566 2547 τῇ]
1607 2501 1722 2532 corr.
1756 2500 1811 2530 ex

113 2552 195 2608 τῆς
233 2565 294 2595 m.
333 2555 423 2597 rec.
464 2551 501 2595 P
515 2568 525 2603 ς
567 2563 664 2607 seq.
705 2564 795 2594 ras.
841 2556 862 2593 1
904 2548 997 2593 litt.
1030 2547 1086 2594 V.
1243 2552 1310 2594 16.
1343 2545 1463 2605 πρὸς
1493 2544 1580 2604 τὴν
1613 2546 1729 2604 ΑΓ]
1763 2546 1812 2589 in

14 2615 19 2618 ’
115 2622 203 2656 τοι.
236 2610 286 2656 F.
430 2605 748 2655 ὑποτείνουσα
779 2609 830 2652 F.
970 2603 1202 2659 20.,ἔστιν
1233 2607 1285 2653 F.
1433 2611 1504 2651 23.
1539 2602 1610 2664 ἐν]
1645 2619 1733 2650 om.
1767 2619 1813 2660 p.

174 2673 247 2715 25.
278 2667 551 2727 τμημάτων]
584 2683 672 2715 om.
707 2684 752 2726 p.
875 2671 946 2712 26.
982 2661 1079 2711 ἔστι
1109 2667 1170 2723 Β,
1203 2680 1355 2724 comp.
1390 2681 1434 2723 p.
1561 2659 1677 2721 ὅπερ
1712 2661 1813 2708 ἔδει

115 2727 287 2786 δεῖξαι]
327 2741 416 2773 om.
457 2728 592 2786 BFp.
656 2727 738 2772 καὶ
779 2725 846 2771 ἔτι
874 2752 930 2766 -.-
954 2741 998 2783 p.
1036 2731 1135 2782 104,
1168 2730 1216 2771 2:
1253 2722 1405 2784 ἐστιν]
1435 2725 1603 2781 postea
1632 2722 1718 2768 ins.
1751 2736 1815 2765 m.

117 2790 140 2829 1
172 2786 207 2831 F
239 2785 288 2831 in
319 2800 415 2841 ras;
447 2802 538 2845 mg.
562 2791 632 2831 ‘m.
666 2791 692 2831 2
726 2785 779 2830 V.
