1988 3152
220 124 290 177 52
873 123 1210 166 ΣΤΟΙΧΕΙΩΝ
1242 138 1262 167 ε
1273 118 1300 166 ’.

1012 306 1074 355 ιη
1103 327 1116 340 .

323 387 471 445 Ἐὰν
535 389 906 461 διῃρημένα
966 389 1212 459 μεγέθη
1276 385 1610 459 ἀνάλογον
1671 380 1734 460 ᾖ,
1803 387 1910 442 καὶ

220 477 630 534 συντεθέντα
669 474 1004 547 ἀνάλογον
1045 481 1240 532 ἔσται.

315 565 496 621 ’Ἐστω
546 566 854 639 διῃρημένα
899 566 1107 637 μεγέθη
1155 562 1441 636 ἀνάλογον
1491 564 1558 620 τὰ
1606 571 1741 636 ΑΕ,
1790 571 1912 635 ΕΒ,

162 666 188 706 5
222 660 340 725 ΓΖ,
382 660 510 726 ΖΔ,
551 651 625 720 ὡς
663 652 725 710 τὸ
760 660 875 709 ΑΕ
908 652 1047 723 πρὸς
1085 652 1146 709 τὸ
1173 660 1297 725 ΕΒ,
1338 652 1515 720 οὕτως
1552 652 1615 710 τὸ
1642 660 1743 710 ΓΖ
1774 653 1915 725 πρὸς

219 742 282 800 τὸ
326 749 458 798 ΖΛ·
536 743 703 814 λέγω,
752 742 836 798 ὅτι
882 742 975 797 καὶ
1024 743 1366 800 συντεθέντα
1412 740 1697 814 ἀνάλογον
1744 747 1913 812 ἔσται,

222 829 298 897 ὥς
341 830 404 887 τὸ
445 838 556 887 ΑΒ
594 829 733 903 πρὸς
770 829 832 886 τὸ
873 837 1005 901 ΒΕ,
1046 830 1222 897 οὕτως
1260 831 1322 888 τὸ
1363 837 1468 888 ΓΔ
1505 830 1645 905 πρὸς
1681 829 1744 887 τὸ
1788 836 1911 885 ΖΔ.

334 923 409 975 Εἰ
451 919 559 993 γὰρ
608 919 684 991 μή
731 920 882 975 ἐστιν
922 916 997 985 ὡς
1033 918 1097 975 τὸ
1139 926 1246 975 ΑΒ
1285 918 1424 991 πρὸς
1462 918 1525 976 τὸ
1565 926 1696 991 ΒΕ,
1738 917 1917 985 οὕτως

222 1008 283 1064 τὸ
324 1013 428 1064 ΓΔ
473 1007 612 1080 πρὸς
657 1007 718 1065 τὸ
762 1014 898 1079 ΔΖ,
950 1012 1102 1063 ἔσται
1149 1005 1223 1074 ὥς
1260 1006 1323 1064 τὸ
1362 1015 1471 1064 ΑΒ
1510 1007 1649 1081 πρὸς
1686 1007 1748 1065 τὸ
1790 1014 1915 1079 ΒΕ,

133 1107 189 1147 10
223 1095 400 1164 οὕτως
444 1097 507 1153 τὸ
547 1102 652 1152 ΓΔ
697 1095 822 1168 ἤτοι
870 1096 1008 1170 πρὸς
1048 1095 1286 1153 ἔλασσόν
1326 1118 1377 1152 τι
1416 1101 1518 1153 τοῦ
1558 1105 1667 1153 ΔΖ
1706 1094 1740 1169 ἢ
1780 1095 1917 1167 πρὸς

220 1191 420 1259 μεῖζον.

315 1273 497 1331 ’Ἑστω
552 1273 829 1348 πρότερον
874 1273 1013 1347 πρὸς
1061 1278 1299 1330 ἔλασσον
1344 1274 1406 1330 τὸ
1458 1280 1593 1330 ΔΗ.
1669 1275 1761 1330 καὶ
1802 1276 1923 1330 ἐπεί

223 1365 374 1420 ἐστιν
415 1362 488 1430 ὡς
525 1363 588 1420 τὸ
630 1370 739 1419 ΑΒ
778 1362 917 1435 πρὸς
954 1362 1018 1419 τὸ
1055 1369 1181 1434 ΒΕ,
1222 1362 1399 1431 οὕτως
1436 1363 1499 1420 τὸ
1533 1369 1637 1420 ΓΔ
1675 1362 1815 1435 πρὸς
1852 1361 1915 1419 τὸ

225 1459 371 1524 ΔΗ,
428 1459 760 1525 συγκείμενα
807 1452 1016 1524 μεγέθη
1064 1450 1350 1524 ἀνάλογόν
1398 1456 1569 1510 ἐστιν·
1648 1451 1788 1509 ὥστε
1827 1453 1917 1507 καὶ

132 1557 191 1597 15
225 1541 583 1614 διαιρεθέντα
634 1540 918 1612 ἀνάλογον
969 1545 1134 1597 ἔσται.
1221 1545 1372 1597 ἔστιν
1422 1539 1532 1614 ἄρα
1583 1539 1658 1608 ὡς
1707 1539 1769 1597 τὸ
1808 1546 1922 1596 ΑΕ

224 1628 362 1702 πρὸς
406 1628 468 1685 τὸ
510 1636 642 1701 ΕΒ,
690 1628 867 1696 οὕτως
904 1629 966 1687 τὸ
1009 1635 1123 1685 ΓΗ
1158 1627 1296 1702 πρὸς
1333 1629 1396 1686 τὸ
1435 1636 1572 1687 ΗΔ.
1633 1628 1919 1687 ὑπόκειται

227 1718 289 1774 δὲ
335 1718 427 1774 καὶ
475 1716 550 1785 ὥς
594 1717 656 1774 τὸ
697 1725 813 1774 ΑΕ
854 1719 994 1793 πρὸς
1038 1718 1101 1775 τὸ
1143 1725 1275 1791 ΕΒ,
1326 1717 1503 1785 οὕτως
1540 1717 1602 1775 τὸ
1642 1724 1744 1776 ΓΖ
1781 1718 1921 1790 πρὸς

225 1808 288 1863 τὸ
324 1813 448 1863 ΖΔ.
532 1807 625 1862 καὶ
666 1805 740 1874 ὡς
778 1806 888 1880 ἄρα
925 1808 988 1864 τὸ
1030 1812 1148 1863 ΓΗ
1179 1806 1317 1881 πρὸς
1355 1807 1416 1864 τὸ
1458 1814 1599 1879 ΗΔ,
1642 1805 1820 1874 οὕτως
1857 1805 1919 1864 τὸ

227 1901 328 1953 ΓΖ
374 1896 515 1968 πρὸς
559 1894 620 1952 τὸ
664 1902 789 1953 ΖΔ.
859 1901 1044 1968 μεῖζον
1094 1895 1155 1952 δὲ
1201 1895 1263 1952 τὸ
1303 1900 1527 1968 πρῶτον
1566 1895 1627 1951 τὸ
1669 1901 1788 1952 ΓΗ
1818 1898 1924 1951 τοῦ

143 2001 201 2041 20
231 1989 423 2057 τρίτου
461 1988 563 2040 τοῦ
602 1990 724 2040 ΓΖ·
787 1990 973 2057 μεῖζον
1014 1982 1123 2058 ἄρα
1161 1986 1253 2040 καὶ
1292 1983 1354 2040 τὸ
1397 1984 1660 2057 δεύτερον
1697 1983 1760 2040 τὸ
1801 1990 1923 2040 ΗΔ

229 2076 330 2130 τοῦ
368 2073 632 2145 τετάρτου
670 2077 772 2131 τοῦ
798 2080 923 2130 ΖΔ.
992 2072 1137 2130 ἀλλὰ
1178 2075 1271 2130 καὶ
1311 2077 1559 2129 ἔλαττον·
1602 2071 1736 2146 ὅπερ
1771 2072 1921 2129 ἐστὶν

231 2161 539 2218 ἀδύνατον·
617 2159 721 2218 οὐκ
769 2161 880 2235 ἄρα
926 2163 1077 2218 ἐστὶν
1125 2160 1202 2228 ὡς
1245 2161 1309 2219 τὸ
1350 2168 1457 2218 ΑΒ
1504 2161 1645 2235 πρὸς
1692 2160 1754 2218 τὸ
1796 2168 1922 2232 ΒΕ,

233 2249 411 2316 οὕτως
449 2248 511 2306 τὸ
545 2255 650 2306 ΓΔ
687 2250 827 2323 πρὸς
866 2255 1103 2306 ἔλασσον
1142 2254 1243 2306 τοῦ
1277 2257 1403 2307 ΖΔ.
1472 2247 1679 2321 ὁμοίως
1711 2248 1779 2322 δὴ
1814 2253 1922 2306 δεί-

232 2341 414 2410 ξομεν,
456 2336 539 2394 ὅτι
581 2337 714 2394 οὐδὲ
752 2338 892 2411 πρὸς
930 2345 1139 2411 μεῖζον·
1199 2336 1338 2411 πρὸς
1376 2336 1512 2394 αὐτὸ
1553 2336 1676 2410 ἄρα.

351 2523 392 2564 4.
426 2518 536 2576 ΑΕ]
574 2523 611 2561 A
649 2516 844 2561 PBFV.
945 2522 985 2561 5.
1029 2517 1131 2575 ΓΖ]
1161 2515 1325 2574 (prius)
1353 2519 1397 2560 Γ
1431 2515 1622 2560 PBFV.
1732 2522 1772 2561 6.
1814 2517 1921 2575 ΖΛ]

234 2580 321 2621 ΛΖ
351 2577 402 2622 F.
488 2581 528 2621 τ.
553 2572 625 2635 τό]
654 2576 772 2633 (ast.)
799 2589 889 2622 om.
913 2575 963 2620 P.
1059 2575 1164 2634 ΖΛ]
1192 2579 1279 2620 ΔΖ
1301 2575 1350 2619 F.
1444 2580 1484 2619 9.
1509 2571 1584 2633 τό]
1612 2575 1731 2631 (alt.)
1758 2589 1846 2620 om.
1871 2575 1922 2620 P.

235 2636 342 2694 AZ]
387 2635 491 2692 PF,
531 2635 573 2679 V
604 2651 665 2679 m.
698 2640 748 2688 23
785 2637 870 2679 ΖΔ
901 2635 1001 2709 Bp,
1035 2634 1147 2681 Vm.
1182 2640 1221 2679 1.
1342 2630 1405 2685 ὥς
1434 2631 1487 2679 τό
1521 2660 1577 2667 -
1613 2631 1773 2679 1οετὸ
1809 2635 1922 2693 ΓΔ]

233 2700 480 2812 ”⁰553ss
502 2695 586 2799 τῖε
612 2753 663 2797 F.
695 2693 1005 2814 ω’ΔὲλΖῖσὲοέ,
1026 2692 1333 2807 ἶῗῖῃῗλὲἶῗέ
1350 2707 1852 2810 φέῬῗΠΡῙῖἕοὲὶέἰτῗῖ
1873 2699 1923 2798 ἔξ

295 2846 364 2888 13.
406 2840 468 2894 ὡς
507 2839 582 2900 τό]
616 2823 705 2886 ὠσὶ
741 2857 795 2899 p,
827 2843 882 2886 ut
911 2841 1006 2886 iam
1036 2842 1116 2887 lin.
1150 2847 1176 2887 9
1210 2844 1259 2887 et
1296 2844 1463 2899 postea.
1495 2841 1691 2899 saepius,
1816 2841 1922 2899 BE]

236 2903 325 2947 ΒΘ
351 2919 400 2959 φ.
523 2901 606 2960 τό]
635 2903 889 2959 (quartum)
915 2916 1004 2947 om.
1030 2902 1080 2947 B.
1208 2906 1275 2946 14.
1307 2897 1453 2960 ἐστιν]
1487 2915 1511 2946 e
1538 2915 1651 2946 corr.
1678 2902 1728 2946 B.
1854 2905 1923 2946 16.
