1988 3152
230 85 339 138 362
857 87 1194 129 ΣΤοῙΧΕΙῼΝ
1222 79 1295 132 θ’,

229 201 483 276 ἀριθμὸν
532 213 718 275 μετρεῖ
753 202 846 258 καὶ
886 200 915 258 6
958 209 1013 258 A
1051 201 1150 259 τὸν
1190 209 1261 258 Ε·
1309 201 1544 269 ἐναλλὰξ
1584 201 1694 275 ἄρα
1742 202 1920 269 ἰσάκις

229 291 264 364 ἡ
315 301 367 347 A
417 291 594 363 μονὰς
639 290 740 347 τὸν
789 299 844 346 A
890 303 1078 363 μετρεῖ
1124 293 1217 348 καὶ
1258 289 1288 347 ὁ
1328 297 1376 346 Β
1414 289 1513 347 τὸν
1553 297 1616 346 Ε.
1693 288 1726 362 ἡ
1770 291 1831 347 δὲ
1870 300 1922 347 Α
1982 351 1988 367 .-

232 379 410 453 μονὰς
447 378 547 435 τὸν
587 387 644 436 A
682 391 870 453 μετρεῖ
903 379 1040 436 κατὰ
1081 379 1180 447 τὰς
1219 383 1281 436 ἐν
1322 378 1471 457 αὐτῷ
1513 380 1782 452 μονάδας·
1829 381 1919 434 καὶ
1971 404 1988 438 ,-

233 467 263 525 ὁ
304 475 350 523 Β
391 467 501 538 ἄρα
538 467 641 524 τὸν
670 459 734 523 'E
769 480 956 540 μετρεῖ
990 469 1127 525 κατὰ
1167 468 1265 535 τὰς
1312 471 1372 525 ἐν
1418 472 1494 545 τῷ
1546 476 1601 523 A
1649 467 1918 539 μονάδας·
1968 502 1974 539 1

175 571 201 613 5
234 555 374 613 ὥστε
415 555 444 611 ὁ
487 555 739 612 ἐλάσσων
778 554 808 613 ὁ
849 563 896 612 Β
935 555 1034 613 τὸν
1075 562 1299 628 μείζονα
1337 556 1437 613 τὸν
1479 564 1531 612 Ε
1565 567 1755 629 μετρεῖ
1783 557 1920 612 κατά

230 666 357 701 τινα
382 643 636 717 ἀριθμὸν
659 650 774 702 τῶν
805 643 1176 718 ὑπαρχόντων
1210 647 1270 701 ἐν
1294 657 1411 711 τοῖς
1442 644 1728 717 ἀνάλογον
1761 644 1921 717 άριθ-

230 745 368 805 μοῖς.

913 838 1239 910 Πόρισμα.

343 941 458 996 Καὶ
513 941 790 1014 φανερόν,
847 940 931 998 ὅτι
982 939 1054 1014 ἣν
1102 946 1211 1014 ἔχει
1257 941 1414 1008 τάξιν
1462 939 1491 997 ὁ
1549 944 1764 1014 μετρῶν
1813 939 1921 997 άπὸ
1976 960 1988 1015 ’-

145 1044 201 1085 10
233 1029 503 1102 μονάδος,
550 1029 653 1102 τὴν
693 1029 872 1103 αὐτὴν
912 1035 1020 1103 ἔχει
1059 1033 1150 1086 καὶ
1192 1029 1222 1087 6
1269 1029 1402 1086 καθ’
1463 1028 1532 1086 ὃν
1582 1041 1769 1103 μετρεῖ
1812 1028 1920 1085 άπὸ
1979 1087 1988 1093 ,

230 1123 333 1176 τοῦ
359 1119 741 1191 μετρουμένου
766 1119 853 1175 ἐπὶ
877 1118 939 1175 τὸ
965 1117 1072 1191 πρὸ
1100 1117 1294 1175 αὐτοῦ.
1319 1152 1389 1159 -
1417 1117 1551 1191 ὅπερ
1578 1123 1689 1175 ἔδει
1733 1121 1922 1186 δεῖξαι.

1032 1281 1128 1352 ιβ’.

341 1385 487 1442 Ἐὰν
535 1383 657 1442 άπὸ
709 1385 1002 1457 μονάδος
1042 1383 1410 1441 ὁποσοιοῦν
1451 1384 1732 1458 ἀριθμοὶ
1783 1387 1927 1456 ἑξῆς

234 1474 572 1546 ἀνάλογον
621 1468 811 1545 ὦσιν,
858 1472 966 1545 ὑφ’
1019 1473 1192 1530 ὅσων
1240 1471 1320 1530 ἄν
1372 1472 1400 1530 6
1443 1478 1715 1546 ἔσχατος
1761 1473 1925 1545 πρώ-

146 1577 200 1618 15
237 1586 364 1620 των
420 1561 731 1637 άριθμῶν
786 1566 1128 1634 μετρῆται,
1184 1560 1309 1619 ὑπὸ
1365 1566 1491 1619 τῶν
1547 1561 1764 1618 αὐτῶν
1819 1561 1926 1617 καὶ

235 1651 265 1709 6
306 1651 481 1725 παρὰ
520 1651 641 1723 τὴν
680 1651 939 1723 μονάδα
977 1650 1482 1723 μετρηθήσεται.

335 1740 623 1797 ’Ἑστωσαν
679 1737 788 1795 άπὸ
844 1740 1091 1811 μονάδος
1145 1738 1632 1810 ὁποσοιδηποτοῦν
1690 1736 1927 1810 ἀριθμοὶ

235 1829 521 1901 ἀνάλογον
569 1832 629 1886 οἰ
664 1837 742 1899 Α,
774 1835 847 1898 Β,
882 1834 954 1899 Γ,
989 1835 1063 1883 A·
1111 1830 1279 1899 λέγω,
1322 1828 1406 1884 ὅτι
1445 1825 1545 1900 ὑφ’
1591 1828 1742 1884 ὅσων
1782 1825 1855 1883 ἂν
1896 1825 1925 1884 6

236 1926 292 1975 A
338 1917 574 1991 πρώτων
621 1916 885 1989 ἀριθμῶν
938 1921 1226 1989 μετρῆται,
1280 1914 1391 1972 ὑπὸ
1439 1920 1552 1973 τῶν
1601 1914 1788 1972 αὐτῶν
1835 1917 1926 1971 καὶ

150 2029 208 2070 20
240 2006 270 2064 6
312 2015 365 2063 A
404 2006 825 2079 μετρηθήσεται.

347 2100 683 2168 Μετρείσθω
731 2093 838 2165 γὰρ
887 2092 916 2150 ὁ
960 2102 1014 2149 A
1052 2092 1162 2150 ὑπό
1202 2116 1355 2160 τινος
1393 2093 1616 2162 πρώτου
1670 2092 1923 2165 άριθμοῦ

233 2189 335 2242 τοῦ
383 2191 451 2240 Ε·
498 2185 668 2255 λέγω,
715 2182 800 2240 ὅτι
848 2181 877 2239 6
929 2190 980 2238 E
1022 2182 1120 2239 τὸν
1167 2191 1220 2239 Α
1266 2194 1464 2255 μετρεῖ.
1542 2183 1614 2254 μὴ
1654 2182 1783 2255 γάρ·
1834 2175 1958 2237 καί’

236 2276 386 2330 ἐστιν
441 2271 470 2329 ὁ
520 2280 569 2328 Ε
612 2277 855 2343 πρῶτος,
912 2270 1053 2338 ἅπας
1108 2272 1170 2327 δὲ
1223 2276 1442 2343 πρῶτος
1495 2269 1738 2344 ἀριθμὸς
1786 2270 1924 2342 πρὸς

355 2456 395 2495 2.
430 2449 483 2495 δε
516 2451 580 2509 Α]
615 2448 668 2495 δέ
702 2467 751 2506 φ.
859 2454 900 2495 4.
934 2450 996 2506 τῷ
1030 2450 1099 2508 A]
1134 2444 1260 2506 αὐτῷ
1272 2466 1345 2505 φ.
1453 2454 1494 2493 8.
1526 2445 1733 2505 πόρισμα
1760 2473 1814 2480 —-
1843 2453 1920 2492 11:
1972 2434 1988 2448 ⁸

234 2508 326 2566 πρὸ
360 2507 537 2583 αυτοῦ]
572 2524 661 2554 om.
705 2510 869 2553 Theon
880 2508 1098 2581 (Bch)
1220 2495 1260 2554 8.
1294 2504 1523 2576 πόρισμα]
1558 2521 1646 2551 om.
1681 2507 1730 2550 P.
1856 2512 1925 2551 11.

238 2567 318 2616 ἐπὶ
348 2566 431 2627 τό]
466 2569 651 2640 scripsi3
685 2565 806 2613 κατὰ
839 2565 923 2612 τόν
955 2569 1004 2611 Ρ.
1129 2563 1304 2626 αὐτοῦ]
1338 2565 1524 2623 scripsi3
1567 2562 1717 2611 αὐτοῦ
1751 2562 1812 2617 ὡς
1842 2563 1926 2610 τὸν

236 2635 280 2674 A
311 2628 362 2674 P.
517 2633 586 2672 14.
620 2623 764 2699 οσων]
806 2641 922 2671 corr.
964 2640 1019 2671 ex
1059 2619 1126 2671 ὧν
1165 2642 1227 2671 m.
1259 2640 1349 2671 rec.
1384 2624 1434 2670 Ρ.
1590 2631 1657 2669 15.
1690 2630 1926 2682 μετρεῖται

236 2689 389 2744 Bvap.
536 2692 606 2731 17.
640 2683 983 2742 ὁσοιδηποτοῦν
1013 2686 1150 2742 Bqu
1311 2690 1378 2731 18.
1412 2681 1507 2729 ὑπὸ
1540 2700 1632 2729 οσω
1665 2685 1729 2741 Ρ,
1761 2701 1789 2728 ν
1821 2684 1926 2729 add.

235 2763 297 2793 m
331 2761 423 2791 rec.
518 2751 583 2791 19.
631 2750 867 2803 μετρεῖται
905 2746 1023 2816 Vq).
1121 2750 1192 2790 22.
1226 2742 1328 2803 τόν]
1362 2744 1443 2789 καὶ
1488 2741 1571 2788 τόν
1619 2743 1707 2800 Vq)
1757 2744 1822 2799 et,
1874 2744 1926 2786 ut

235 2807 447 2923 ὂίὂάᾅὲιῖ,
494 2806 531 2849 Β
576 2801 920 2861 ω.1·θο.μὴ
971 2802 1060 2862 γὰρ
1112 2805 1332 2862 μετρείτω
1382 2800 1406 2847 6
1455 2805 1495 2846 Ε
1549 2799 1632 2847 τὸν
1687 2807 1723 2847 A
1769 2801 1930 2847 Theon
