1988 3152
276 107 381 160 128
900 107 1237 150 ΣΤΟΙΧΕΙΩΝ
1269 101 1335 150 ς’.

369 226 549 283 ’Ἑστω
592 224 757 296 ὅμοια
795 229 1040 298 τρίγωνα
1077 223 1144 279 τὰ
1186 229 1368 296 ΑΒΓ,
1395 230 1450 278 A
1461 230 1563 279 EZ
1604 230 1733 295 ἴσην
1766 228 1963 296 ἔχοντα

276 316 379 387 τὴν
434 314 573 388 πρὸς
622 318 698 391 τῷ
747 320 793 368 Β
840 317 1055 384 γωνίαν
1101 317 1166 388 τῇ
1214 313 1353 387 πρὸς
1399 317 1475 390 τῷ
1517 319 1590 383 Ε,
1639 310 1713 378 ὥς
1754 311 1815 367 δὲ
1861 313 1963 383 τὴν

276 410 384 458 ΑΒ
440 400 578 474 πρὸς
631 399 733 472 τὴν
779 406 900 471 ΒΓ,
956 399 1134 467 οὕτως
1186 399 1290 472 τὴν
1339 406 1455 456 ΛΕ
1501 398 1641 471 πρὸς
1693 398 1795 471 τὴν
1843 406 1964 470 ΕΖ,

279 489 417 547 ὥστε
469 487 750 561 ὁμόλογον
798 486 944 545 εἶναι
989 488 1095 560 τὴν
1141 494 1251 545 ΒΓ
1289 493 1354 562 τῇ
1395 494 1520 543 ΕΖ·
1568 489 1734 559 λέγω,
1779 487 1864 544 ὅτι
1902 488 1963 544 τὸ

221 592 246 631 5
279 584 450 634 ΑΒΓ
481 582 759 651 τρίγωνον
812 577 950 651 πρὸς
987 578 1050 634 τὸ
1093 584 1261 634 ΔΕΖ
1307 583 1585 651 τρίγωνον
1634 580 1966 633 διπλασίονα

281 666 455 738 λόγον
493 671 603 738 ἔχει
641 665 780 740 ἤπερ
819 664 854 739 ἡ
894 672 1006 722 ΒΓ
1036 666 1176 739 πρὸς
1213 666 1315 738 τὴν
1357 673 1474 721 ΕΖ.

391 755 669 827 Εἰλήφθω
725 753 833 827 γοέρ
887 757 1000 810 τῶν
1055 760 1175 826 ΒΓ,
1202 760 1306 810 ΕΖ
1365 759 1521 827 τρίτη
1587 752 1870 825 ἀνάλογον
1934 751 1968 824 ἡ

280 850 419 916 ΒΗ,
475 844 615 901 ὥστε
663 841 808 900 εἶναι
857 841 930 909 ὡς
976 842 1080 915 τὴν
1127 849 1238 899 ΒΓ
1276 843 1415 917 πρὸς
1459 841 1563 915 τὴν
1611 849 1739 913 ΕΖ,
1795 843 1972 907 οὕτως

284 932 387 1005 τὴν
426 939 527 989 ΕΖ
567 932 706 1006 πρὸς
743 932 847 1004 τὴν
887 938 1030 991 ΒΗ·
1069 932 1164 987 καὶ
1204 922 1515 1004 ἐπεζεύχθω
1555 929 1589 1003 ἡ
1630 937 1761 987 ΑΗ.

194 1035 248 1075 10
388 1019 538 1087 Ἐπεὶ,
594 1013 699 1077 οὖν
747 1022 898 1076 ἐστιν
938 1016 1011 1086 ὡς
1056 1017 1091 1091 ἡ
1139 1026 1247 1075 ΑΒ
1294 1018 1433 1092 πρὸς
1476 1019 1579 1092 τὴν
1627 1025 1748 1091 ΒΓ,
1796 1019 1973 1084 οὕτως

161 1161 177 1175 ,
280 1108 314 1182 ἡ
358 1117 475 1166 ΔΕ
510 1107 646 1181 πρὸς
694 1107 798 1180 τὴν
845 1114 975 1179 ΕΖ,
1025 1106 1261 1175 ἐναλλὰξ
1307 1107 1417 1181 ἄρα
1465 1109 1616 1165 ἐστὶν
1663 1106 1736 1175 ὥς
1782 1107 1816 1180 ἡ
1865 1115 1972 1164 ΑΒ

281 1198 419 1272 πρὸς
463 1198 567 1270 τὴν
610 1204 746 1269 ΔΕ,
788 1196 964 1263 οὕτως
1001 1195 1036 1269 ἡ
1077 1202 1186 1253 ΒΓ
1218 1196 1356 1269 πρὸς
1393 1196 1496 1268 τὴν
1537 1203 1656 1254 ΕΖ.
1743 1194 1857 1252 ἀλλ’
1902 1195 1977 1262 ὡς

281 1286 317 1359 ἡ
365 1292 475 1343 ΒΓ
514 1284 653 1360 πρὸς
700 1291 830 1357 ΕΖ,
882 1286 1059 1353 οὕτως
1106 1287 1256 1342 ἐστὶν
1305 1284 1337 1357 ἡ
1381 1292 1483 1341 ΕΖ
1524 1285 1663 1358 πρὸς
1701 1291 1829 1343 ΒΗ.
1882 1286 1975 1341 καὶ

286 1374 360 1443 ὡς
414 1374 524 1448 ἄρα
577 1372 611 1446 ἡ
661 1381 770 1430 ΑΒ
817 1373 955 1448 πρὸς
1003 1381 1140 1446 ΔΕ,
1197 1373 1374 1441 οὕτως
1428 1373 1461 1446 ἡ
1513 1380 1615 1430 ΕΖ
1661 1374 1802 1446 πρὸς
1841 1381 1975 1430 ΒΗ·

199 1477 252 1517 15
283 1468 399 1521 τῶν
449 1470 649 1535 ΑΒΗ,
678 1470 846 1519 ΔΕΖ
893 1462 1003 1536 ἄρα
1047 1463 1339 1536 τριγώνων
1386 1462 1868 1519 ἀντιπεπόνθασιν
1920 1466 1984 1519 αῖ

284 1555 518 1627 πλευραὶ
565 1556 627 1609 αἱ
669 1554 794 1627 περὶ
841 1551 938 1619 τὰς
985 1559 1108 1619 ἴσας
1153 1557 1373 1624 γωνίας.
1460 1545 1540 1608 ὧν
1590 1551 1651 1608 δὲ
1698 1556 1831 1623 μίαν
1878 1556 1978 1626 μιᾷ

289 1651 418 1715 ἴσην
475 1643 720 1716 ἐχόντων
770 1646 985 1714 γωνίαν
1038 1641 1331 1713 τριγώνων
1382 1640 1865 1698 ἀντιπεπόνθασιν
1920 1643 1982 1697 αί

286 1732 520 1804 πλευραὶ
569 1733 630 1786 αἰ
673 1731 798 1804 περὶ
847 1729 946 1796 τὰς
993 1738 1115 1796 ἴσας
1153 1735 1386 1802 γωνίας,
1440 1738 1533 1786 ἴσα
1573 1730 1724 1785 ἐστὶν
1781 1732 1979 1787 ἐκεῖνα.

288 1827 414 1877 ἴσον
478 1818 587 1893 ἄρα
655 1819 768 1875 ἐστὶ
823 1818 885 1875 τὸ
943 1824 1124 1874 ΑΒΗ
1170 1824 1447 1892 τρίγωνον
1508 1822 1584 1894 τῷ
1643 1825 1809 1875 ΔΕΖ
1869 1842 1979 1891 τρι-

199 1920 256 1960 20
286 1908 468 1984 γώνςο.
551 1908 644 1963 καὶ
707 1910 829 1963 ἐπεί
885 1909 1035 1963 ἐστιν
1097 1905 1171 1973 ὡς
1232 1904 1266 1978 ἡ
1330 1913 1441 1963 ΒΓ
1493 1906 1633 1980 πρὸς
1693 1907 1796 1979 τὴν
1859 1914 1980 1979 ΕΖ,

288 1997 466 2062 οὕτως
534 1993 568 2067 ἡ
632 2002 736 2050 ΕΖ
807 1994 946 2066 πρὸς
1013 1994 1116 2067 τὴν
1186 2001 1323 2066 ΒΗ,
1395 1994 1495 2051 ἐὰν
1564 1995 1626 2051 δὲ
1686 2007 1832 2069 τρεῖς
1894 1994 1981 2052 εὐ-

287 2093 442 2141 θεῖαι
488 2082 773 2155 ἀνάλογον
820 2077 986 2156 ὦσιν,
1034 2082 1069 2155 ἡ
1109 2083 1297 2156 πρώτη
1337 2083 1477 2157 πρὸς
1514 2083 1617 2156 τὴν
1668 2089 1860 2158 τρίτην
1901 2089 1983 2140 δι-

288 2178 565 2229 πλασίονα
613 2172 785 2244 λόγον
834 2177 943 2244 ἔχει
982 2171 1121 2246 ἥπερ
1160 2171 1300 2246 πρὸς
1336 2172 1439 2245 τὴν
1481 2174 1766 2246 δευτέραν,
1805 2171 1838 2245 ἡ
1881 2176 1988 2229 ΒΓ

290 2261 400 2334 ἄρα
453 2259 591 2334 πρὸς
645 2259 748 2331 τὴν
804 2266 927 2316 ΒΗ
973 2265 1307 2318 διπλασίονα
1361 2264 1535 2333 λόγον
1590 2266 1700 2333 ἔχει
1752 2261 1891 2334 ἤπερ
1947 2260 1982 2335 ἡ

206 2362 263 2403 25
295 2356 396 2407 ΓΒ
451 2348 588 2423 πρὸς
641 2347 744 2421 τὴν
800 2356 918 2406 ΕΖ.
1008 2348 1082 2416 ὡς
1144 2351 1206 2406 δὲ
1259 2348 1293 2422 ἡ
1349 2356 1450 2406 ΓΒ
1505 2349 1643 2423 πρὸς
1696 2351 1800 2422 τὴν
1850 2356 1983 2424 ΒΗ,

293 2440 470 2505 οὕτως
523 2437 585 2494 τὸ
634 2443 805 2494 ΑΒΓ
844 2443 1122 2511 τρίγωνον
1169 2437 1308 2512 πρὸς
1353 2438 1415 2495 τὸ
1456 2445 1640 2495 ΑΒΗ
1682 2444 1984 2512 τρίγωνον·

412 2650 453 2690 2.
486 2645 548 2702 τῷ
575 2645 645 2703 Β]
682 2642 734 2689 τὸ
770 2649 804 2688 Β
837 2645 892 2701 V,
926 2648 974 2690 et
1004 2646 1063 2703 F,
1097 2646 1179 2691 sed
1213 2660 1327 2693 corr.
1451 2651 1492 2692 3.
1518 2644 1604 2702 τὴν
1629 2647 1745 2705 ΒΓ]
1773 2649 1864 2691 ΒΓ
1883 2646 1983 2705 Βρς

295 2700 381 2773 τῂν
426 2706 508 2748 ΓΔ
546 2703 604 2757 F;
646 2703 735 2749 litt.
771 2709 806 2749 B
847 2705 897 2749 in
934 2719 1025 2750 ras.
1068 2721 1129 2750 m.
1163 2710 1188 2749 2
1222 2705 1277 2752 V.
1368 2702 1454 2762 τὴν
1488 2706 1606 2764 ΕΖ]
1643 2708 1728 2750 ΕΖ
1760 2706 1849 2763 Bp.
1941 2708 1983 2751 8.

296 2760 419 2829 ορτω
459 2762 596 2819 PBp.
751 2768 819 2809 10.
862 2764 973 2822 ΑΒ]
1015 2767 1050 2807 Β
1088 2762 1138 2808 in
1176 2778 1266 2810 rae.
1310 2764 1406 2810 PF.
1559 2762 1665 2832 τήν]
1716 2779 1804 2810 om.
1845 2764 1984 2823 BFp.

298 2818 420 2866 οὕτω
460 2821 506 2866 P.
664 2827 732 2867 11.
773 2821 881 2881 τήν]
922 2837 1010 2868 om.
1052 2822 1192 2881 BFp.
1349 2828 1416 2867 12.
1458 2820 1544 2880 τήν
1605 2825 1677 2868 bls
1720 2837 1808 2868 om,
1849 2823 1983 2881 BFp.

359 2886 427 2925 13.
461 2877 579 2938 πρὸς
611 2882 727 2940 ΕΖ]
762 2896 902 2938 supra
932 2898 993 2927 m.
1020 2887 1045 2925 2
1071 2882 1127 2935 F3
1160 2880 1277 2938 πρὸς
1300 2879 1386 2939 τὴν
1413 2885 1500 2926 ΕΖ
1569 2918 1578 2928 .
1700 2881 1788 2940 τὴν
1813 2885 1908 2927 ΒΗ
1929 2881 1982 2929 V.
