1988 3152
113 1165 167 1205 10

114 1617 168 1656 15

113 2069 170 2109 20

113 2511 170 2551 25

199 158 309 212 220
835 159 1171 202 ΣΤΟΙΧΕῙῼΝ
1202 157 1260 212 ζ’.

200 275 274 342 ὡς
327 275 437 349 ἄρα
483 274 512 331 6
554 283 608 331 A
654 275 796 349 πρὸς
840 275 941 331 τὸν
981 283 1062 347 Δ,
1118 275 1296 342 οὕτως
1343 275 1372 333 6
1413 283 1467 333 Γ
1505 276 1645 350 πρὸς
1689 276 1789 333 τὸν
1829 285 1895 333 Ζ·

199 364 436 430 ἐναλλὰξ
483 363 594 436 ἄρα
641 364 793 420 ἐστὶν
842 362 915 429 ὡς
962 362 991 419 6
1033 372 1087 419 A
1125 363 1265 438 πρὸς
1299 363 1400 422 τὸν
1440 371 1504 437 Γ,
1548 364 1730 431 οὕτως
1770 365 1799 422 6
1842 373 1898 421 A

198 452 339 526 πρὸς
375 451 476 507 τὸν
518 457 583 506 Z·
649 450 784 525 ὅπερ
826 456 940 508 ἔδει
980 454 1169 519 δεῖξαι.

1009 637 1056 670 ιε
1082 659 1094 670 .

308 715 458 772 Ἐὰν
505 716 713 788 μονὰς
759 716 1055 789 ἀριθμόν
1101 739 1252 773 τινα
1291 722 1518 791 μετρῇ,
1568 722 1789 783 ἰσάκις
1829 718 1899 774 δὲ

200 807 426 878 ἕτερος
457 803 749 877 ἀριθμὸς
780 804 984 860 ἄλλον
1015 803 1163 861 τινά
1197 803 1494 877 ἀριθμὸν
1526 808 1751 878 μετρῇ,
1789 807 1900 860 καὶ

200 893 481 960 ἐναλλὰξ
537 893 757 958 ἰσάκις
811 891 845 964 ἡ
901 893 1109 965 μονὰς
1161 891 1276 948 τὸν
1331 897 1558 965 τρίτον
1604 891 1902 964 ἀριθμὸν

200 982 511 1054 μετρήσει
549 982 658 1037 καὶ
699 979 727 1037 6
771 981 1084 1054 δεύτερος
1122 980 1240 1037 τὸν
1278 982 1611 1052 τέταρτον.

311 1069 516 1135 ,Μονὰς
560 1069 669 1142 γὰρ
717 1068 752 1141 ἡ
794 1078 848 1125 A
888 1068 1140 1142 ἀριθμόν
1172 1092 1299 1125 τινα
1338 1068 1437 1125 τὸν
1477 1075 1586 1125 ΒΓ
1619 1076 1901 1142 μετρείτω,

201 1158 383 1225 ἰσάκις
439 1158 502 1214 δὲ
549 1160 734 1231 ἔτερος
779 1157 1023 1231 ἀριθμὸς
1071 1157 1101 1214 6
1151 1165 1207 1213 A
1254 1157 1429 1214 ἄλλον
1475 1157 1601 1213 τινὰ
1650 1157 1902 1230 ἀριθμὸν

198 1247 299 1304 τὸν
340 1254 444 1303 ΕΖ
485 1252 767 1320 μετρείτω·
823 1249 985 1318 λέγω,
1027 1245 1112 1302 ὅτι
1151 1247 1244 1302 καὶ
1284 1247 1521 1313 ἐναλλὰξ
1562 1247 1744 1313 ἰσάκις
1781 1246 1815 1319 ἡ
1850 1256 1902 1303 Α

200 1337 389 1409 μονὰς,
413 1334 513 1391 τὸν
554 1343 610 1391 A
648 1334 896 1410 ἀριθμὸν
936 1347 1126 1407 μετρεῖ
1160 1335 1253 1390 καὶ
1295 1334 1323 1391 6
1365 1341 1476 1391 ΒΓ
1507 1335 1608 1392 τὸν
1650 1342 1770 1392 ΕΖ.

307 1423 455 1480 Ἐπεὶ
509 1424 617 1497 γὰρ
674 1425 856 1491 ἰσάκις
909 1422 944 1496 ἡ
998 1432 1052 1480 A
1107 1423 1284 1496 μονὰς
1337 1424 1438 1480 τὸν
1493 1429 1604 1480 ΒΓ
1651 1423 1903 1497 ἀριθμὸν

200 1525 390 1586 μετρεῖ
431 1515 525 1569 καὶ
574 1511 598 1568 ἶ
658 1520 714 1568 A
751 1514 853 1569 τὸν
892 1519 1024 1578 ΕΖ,
1074 1511 1203 1569 ὅσαι
1242 1512 1354 1586 ἄρα
1394 1513 1539 1568 εἰσὶν
1580 1514 1640 1567 ἐν
1679 1516 1756 1589 τῷ
1792 1519 1910 1569 ’ΒΓ

201 1602 467 1673 μονάδες,
517 1605 787 1658 τοσοῦτοί
831 1606 938 1658 εἰσι
985 1602 1078 1657 καὶ
1126 1604 1189 1658 ἐν
1233 1605 1308 1678 τῷ
1357 1608 1460 1657 ΕΖ
1507 1600 1743 1674 ἀριθμοὶ
1792 1610 1905 1658 ἴσοι

199 1695 276 1767 τῷ
326 1699 395 1747 A.
473 1692 767 1764 διῃρήσθω
826 1689 855 1747 6
905 1690 1007 1762 μὲν
1055 1695 1166 1746 ΒΓ
1206 1694 1285 1756 εἰς
1329 1690 1429 1756 τὰς
1475 1691 1535 1746 ἐν
1583 1691 1760 1768 ἑαυτῷ
1808 1713 1903 1763 μο-

200 1779 378 1846 νάδας
424 1778 522 1846 τὰς
561 1785 699 1850 ΒΗ,
747 1785 887 1851 ΗΘ,
926 1784 1046 1850 ΘΓ,
1094 1776 1124 1835 6
1173 1779 1236 1834 δὲ
1275 1784 1380 1833 ΕΖ
1428 1783 1506 1845 εἰς
1550 1779 1684 1846 τοὺς
1730 1783 1805 1855 τῷ
1850 1786 1904 1834 A

202 1875 360 1934 ἴσους
397 1868 532 1934 τοὺς
570 1874 709 1936 ΕΚ,
750 1873 891 1938 ΚΛ,
926 1874 977 1923 Λ
989 1874 1048 1923 Ζ.
1105 1872 1258 1922 ἔσται
1298 1867 1369 1938 δὴ
1410 1874 1538 1923 ἴσον
1576 1867 1640 1923 τὸ
1681 1871 1906 1939 πλῆθος

200 1960 314 2012 τῶν
361 1944 685 2028 ΒΗ,ἨΘ,
734 1962 844 2013 ΘΓ
881 1961 957 2031 τῷ
1006 1956 1214 2028 πλήθει
1259 1961 1373 2012 τῶν
1420 1962 1558 2027 ΕΚ,
1598 1961 1740 2028 ΚΛ,
1781 1963 1905 2012 ΛΖ.

202 2045 294 2101 καὶ
345 2046 461 2101 ἐπεὶ
509 2053 625 2102 ἴσαι
669 2047 818 2102 εἰσὶν
868 2049 930 2101 αἱ
965 2052 1105 2117 ΒΗ,
1144 2052 1282 2117 ΗΘ,
1322 2052 1432 2102 ΘΓ
1463 2045 1704 2117 μονάδες
1741 2043 1906 2116 ἀλλή-

202 2140 341 2205 λαις,
383 2134 490 2189 εἰσὶ
532 2133 594 2190 δὲ
632 2135 725 2189 καὶ
767 2137 826 2190 οἱ
852 2139 983 2205 ΕΚ,
1017 2140 1149 2206 ΚΛ,
1183 2140 1289 2190 ΛΖ
1322 2133 1558 2207 ἀριθμοὶ
1592 2141 1705 2189 ἴσοι
1738 2131 1905 2205 ἀλλή-

202 2230 339 2294 λοις,
380 2227 479 2278 καί
515 2225 666 2278 ἐστιν
701 2230 828 2278 ἴσον
858 2221 921 2278 τὸ
954 2226 1171 2294 πλῆθος
1201 2226 1314 2279 τῶν
1346 2229 1479 2294 ΒΗ,
1511 2229 1643 2293 ΗΘ,
1675 2227 1785 2278 ΘΓ
1808 2244 1905 2293 μο-

203 2315 396 2368 νάδων
436 2314 511 2388 τῷ
551 2315 758 2383 πλήθει
795 2315 910 2368 τῶν
943 2316 1075 2382 ΕΚ,
1114 2317 1248 2382 ΚΛ,
1286 2318 1395 2367 ΛΖ
1431 2310 1712 2384 ἀριθμῶν,
1752 2314 1905 2365 ἔσται

202 2398 314 2473 ἄρα
360 2397 436 2465 ὡς
482 2398 516 2471 ἡ
556 2406 679 2456 ΒΗ
718 2401 894 2471 μονὰς
933 2398 1071 2473 πρὸς
1108 2399 1208 2456 τὸν
1253 2405 1367 2456 ΕΚ
1402 2398 1678 2472 ἀριθμόν,
1727 2399 1905 2464 οὕτως

202 2486 237 2559 ἡ
277 2494 392 2544 ΗΘ
439 2488 615 2560 μονὰς
661 2488 801 2560 πρὸς
846 2487 948 2544 τὸν
987 2494 1103 2544 ΚΛ
1143 2486 1395 2561 ἀριθμὸν
1441 2489 1534 2543 καὶ
1573 2485 1607 2558 ἡ
1658 2492 1767 2542 ΘΓ
1807 2509 1903 2559 μο-

203 2575 306 2642 νὰς
363 2575 503 2648 πρὸς
556 2577 656 2633 τὸν
704 2583 811 2632 ΛΖ
858 2574 1124 2649 ἀριθμόν.
1202 2580 1354 2632 ἔσται
1400 2574 1511 2647 ἄρα
1556 2575 1650 2630 καὶ
1699 2573 1774 2641 ὥς
1827 2571 1905 2641 εἷς
1982 2619 1988 2624 .

322 2758 365 2797 2.
399 2748 597 2807 ἐναλλὰξ
630 2749 747 2812 ἄρα]
779 2753 830 2798 in
860 2768 949 2798 ras.
981 2769 1041 2798 m.
1079 2759 1102 2797 1
1134 2767 1181 2810 p.
1332 2751 1397 2810 A]
1430 2751 1480 2795 in
1522 2766 1610 2796 ras.
1656 2769 1707 2808 φ.
1861 2757 1902 2797 6.
1963 2750 1967 2754 ’

201 2809 435 2870 ἀριθμόν]
462 2825 552 2857 om.
576 2827 622 2869 p.
717 2819 755 2858 7.
790 2809 1023 2871 ἀριθμόν]
1050 2826 1140 2857 om.
1166 2812 1217 2855 B.
1303 2815 1342 2856 8.
1369 2826 1454 2868 μετ
1457 2826 1528 2866 ρει
1511 2809 1603 2855 ῖΒ.
1697 2815 1738 2855 9.
1769 2828 1814 2855 τι
1779 2811 1900 2928 voc}
1966 2823 1967 2826 ’

203 2885 229 2916 e
261 2885 376 2916 corr.
409 2871 465 2916 V.
530 2887 614 2929 μετ
616 2868 739 2928 ρήτω
772 2873 808 2916 Β
835 2889 885 2928 φ.
1032 2876 1101 2916 10.
1135 2869 1217 2928 δέ]
1250 2884 1392 2927 supra
1422 2885 1483 2914 m
1519 2876 1542 2914 1
1576 2868 1633 2914 V.
1771 2866 1796 2914 ὁ
1832 2876 1874 2913 Δ

203 2944 343 2988 supra.
382 2946 444 2975 m.
488 2937 510 2974 1
553 2931 609 2976 V.
761 2929 961 2989 τινά]τ
937 2928 1043 2975 τινὰ
1084 2930 1306 2988 μετρείτω
1347 2928 1410 2984 V,
1451 2926 1558 2973 τινὰ
1599 2925 1808 2987 μετρήτω
1849 2946 1899 2985 φ.
