1988 3152
149 216 154 221 ,
221 160 329 213 180
859 156 1198 200 mommsen
1229 151 1297 200 ς’.

219 277 514 350 άλλήλαις,
566 283 683 332 ἴσαι
729 275 838 331 είσὶ
885 274 980 329 καὶ
1028 275 1090 328 αἱ
1125 271 1234 329 ὑπὸ
1281 277 1468 343 ΒΗΓ,
1502 277 1702 343 ΓΗΚ,
1742 278 1923 328 ΚΗΛ

217 371 426 438 γωνίαι
475 364 762 436 ἀλλήλαις·
817 363 1175 420 ἓσαπλασίων
1216 362 1326 433 ἄρα
1365 361 1516 418 ἐστὶν
1555 360 1590 433 ἡ
1633 367 1741 416 BA
1780 381 1926 433 περι-

222 456 422 528 φέρεια
451 458 550 526 τῆς
581 458 701 525 ΒΓ,
741 455 1238 509 τοσαυταπλασίων
1272 451 1389 507 ἐστὶ
1418 451 1511 506 καὶ
1541 451 1576 522 ἡ
1609 449 1720 506 ὑπὸ
1753 456 1873 506 ΒΗ
1876 458 1926 506 Λ

219 548 401 615 γωνία
447 546 545 615 τῆς
592 542 703 599 ὑπὸ
753 545 934 598 ΒΗΓ.
1014 539 1108 597 διὰ
1150 539 1217 595 τὰ
1257 538 1399 596 αὐτὰ
1447 538 1517 612 δὴ
1556 541 1649 595 καὶ
1690 538 1928 596 ὁσαπλα-

163 647 189 686 5
222 637 362 688 σίων
401 632 554 688 ἐστὶν
586 630 622 703 ἡ
649 637 770 687 ΝΕ
799 631 1123 704 περιφέρεια
1160 632 1256 701 τῆς
1279 635 1401 700 ΕΖ,
1434 635 1927 685 τοσαυταπλασίων

223 721 340 777 ἐστὶ
379 721 474 776 καὶ
513 719 548 792 ἡ
590 719 704 776 υπὸ
746 726 923 776 ΝΘΕ
965 723 1143 791 γωνία
1181 722 1280 790 τῆς
1326 716 1436 774 ὑπὸ
1479 723 1653 774 ΕΘΖ.
1731 722 1781 773 εἰ
1820 717 1930 789 ἄρα

224 817 315 882 ἴση
371 809 524 866 ἐστὶν
570 806 604 880 ἡ
653 814 763 864 ΒΛ
809 809 1132 880 περιφέρεια
1177 811 1243 880 τῇ
1284 813 1409 862 ΕΝ
1440 811 1788 882 περιφερείᾳ,
1838 814 1928 877 ἴση

225 899 340 956 ἐστὶ
397 898 490 954 καὶ
543 902 722 969 γωνία
768 895 802 969 ἡ
854 896 963 953 ὑπὸ
1013 903 1188 953 ΒΗΛ
1233 900 1299 970 τῇ
1346 894 1456 952 ὑπὸ
1498 902 1696 967 ΕΘΝ,
1743 897 1836 951 καὶ
1884 899 1935 951 εί

224 992 426 1060 μείζων
480 987 630 1043 ἐστὶν
678 984 711 1057 ἡ
754 991 865 1041 ΒΛ
906 986 1228 1059 περιφέρεια
1272 987 1371 1057 τῆς
1408 991 1531 1041 ΕΝ
1563 990 1931 1058 περιφερείας,

139 1090 194 1129 10
227 1081 432 1149 μείζων
481 1076 596 1132 ἐστὶ
642 1075 736 1131 καὶ
780 1073 816 1146 ἡ
858 1073 968 1131 ὑπὸ
1017 1081 1191 1131 ΒΗΛ
1241 1079 1420 1146 γωνία
1458 1078 1555 1146 τῆς
1591 1072 1702 1130 ὑπὸ
1745 1080 1932 1143 ΕΘΝ,

225 1167 321 1222 καὶ
359 1169 411 1221 εἰ
451 1163 732 1236 ἐλάσσων,
772 1163 1040 1220 ἐλάσσων.
1118 1163 1406 1236 τεσσάρων
1455 1163 1525 1235 δὴ
1560 1164 1742 1220 ὄντων
1782 1185 1933 1235 μεγε-

225 1258 373 1325 θῶν,
416 1253 522 1310 δύο
564 1254 667 1326 μὲν
706 1257 1077 1326 περιφερειῶν
1116 1257 1229 1309 τῶν
1270 1257 1389 1323 ΒΓ,
1421 1258 1541 1319 ΕΖ,
1584 1252 1688 1307 δύο
1730 1251 1791 1307 δὲ
1830 1274 1935 1323 γω-

228 1346 370 1400 νιῶν
427 1346 541 1399 τῶν
595 1340 708 1398 ὑπὸ
757 1348 944 1413 ΒΗΓ,
990 1349 1178 1413 ΕΘΖ,
1235 1349 1486 1414 εἴληπται
1535 1345 1634 1413 τῆς
1684 1339 1785 1412 μὲν
1833 1344 1946 1395 ΒΓ

226 1436 590 1505 περιφερείας
627 1432 720 1487 καὶ
759 1434 858 1502 τῆς
895 1430 1006 1487 ὑπὸ
1048 1436 1230 1487 ΒΗΓ
1267 1435 1475 1502 γωνίας
1515 1429 1697 1495 ἰσάκις
1735 1434 1936 1484 πολλα-

138 1540 196 1580 15
228 1525 486 1577 πλασίων
532 1519 569 1592 ἤ
616 1541 674 1576 τε
720 1526 830 1576 ΒΛ
879 1521 1202 1593 περιφέρεια
1247 1520 1340 1575 καὶ
1387 1517 1420 1589 4⁷3
1470 1516 1579 1574 ὑπὸ
1620 1523 1793 1573 ΒΗΛ
1832 1540 1936 1588 γω-

228 1615 349 1680 νία,
397 1612 496 1680 τῆς
551 1607 613 1664 δὲ
653 1614 760 1664 ΕΖ
799 1613 1154 1681 περιφερείας
1199 1608 1291 1663 καὶ
1339 1611 1435 1678 τῆς
1482 1605 1592 1662 ὑπὸ
1635 1612 1794 1662 ΕΘΖ
1834 1629 1938 1677 γω-

229 1703 355 1765 νίας
408 1698 445 1770 ἥ
502 1718 561 1752 τε
606 1702 730 1752 ΕΝ
776 1697 1100 1771 περιφέρεια
1145 1696 1238 1751 καὶ
1285 1693 1320 1768 ἡ
1368 1693 1477 1751 ὑπὸ
1529 1700 1707 1750 ΕΘΝ
1746 1700 1938 1766 γωνία.

229 1788 322 1855 καὶ
373 1788 674 1857 δέδεικται,
724 1786 810 1842 ὅτι
857 1789 909 1841 εἰ
953 1783 1213 1858 ὑπερέχει
1260 1782 1295 1857 ἡ
1337 1790 1446 1840 BA
1484 1784 1806 1857 περιφέρεια
1844 1787 1940 1856 τῆς

231 1881 355 1931 ΕΝ
402 1879 782 1949 περιφερείας,
838 1874 1094 1947 ὑπερέχει
1147 1875 1241 1929 καὶ
1295 1872 1330 1945 ἡ
1377 1872 1478 1929 ὑπὶ
1542 1878 1718 1928 ΒΗΛ
1764 1878 1940 1943 γωνία

147 1986 204 2026 20
235 1967 333 2035 τῆς
363 1962 474 2020 ὑπο
510 1970 690 2020 ΕΘΝ
712 1969 937 2035 γωνίας,
969 1964 1062 2019 καὶ
1094 1967 1145 2019 εἰ
1176 1969 1286 2035 ἴση,
1321 1969 1431 2034 ἴση,
1463 1962 1553 2018 καὶ
1590 1965 1641 2017 εἰ
1672 1961 1940 2033 ἐλάσσων,

234 2051 507 2109 ἐλάσσων.
587 2057 739 2109 ἔστιν
779 2051 917 2126 ἄρα,
960 2052 1036 2120 ὥς
1073 2049 1108 2124 ἡ
1150 2056 1262 2107 ΒΓ
1291 2052 1615 2125 περιφέρεια
1653 2050 1795 2123 πρὸς
1839 2049 1941 2123 τὴν

234 2147 365 2214 ΕΖ,
408 2140 584 2208 οὕτως
632 2139 667 2213 ἡ
709 2138 817 2197 ὑπὸ
861 2145 1042 2196 ΒΗΓ
1071 2145 1247 2213 γωνία
1285 2138 1424 2213 πρὸς
1461 2137 1564 2211 τὴν
1614 2137 1726 2195 υπὸ
1768 2145 1940 2195 ΕΘΖ.

235 2228 360 2286 ἀλλ’
421 2253 498 2299 ως
551 2227 587 2301 ἡ
641 2227 751 2286 ὑπὸ
808 2234 988 2285 ΒΗΓ
1032 2235 1210 2301 γωνία
1264 2228 1404 2300 πρὸς
1449 2227 1552 2301 τὴν
1606 2227 1717 2284 ὑπὸ
1765 2234 1942 2299 ΕΘΖ,

236 2315 414 2385 οὕτως
460 2342 495 2391 η
548 2318 660 2375 ῑπὸ
711 2323 887 2374 ΒΑΓ
927 2316 1066 2391 πρὸς
1113 2319 1218 2390 τὴν
1256 2317 1366 2374 ὑπὸ
1409 2323 1599 2374 ΕΛΖ·
1678 2320 1943 2372 διπλασία

146 2430 204 2473 25
234 2407 347 2478 γὰρ
374 2407 605 2478 ἑκατέρα
624 2406 894 2480 ἑκατέρας.
934 2407 1027 2462 καὶ
1046 2404 1121 2473 ὡς
1146 2404 1306 2479 ἅραὴ
1333 2410 1445 2462 ΒΓ
1467 2406 1790 2478 περιφέρεια
1806 2404 1944 2478 πρὸς

235 2494 340 2566 τὴν
390 2501 497 2550 ΕΖ
545 2496 930 2569 περιφέρειαν,
981 2495 1157 2561 οὕτως
1202 2493 1239 2566 ἥ
1284 2516 1343 2550 τε
1388 2491 1498 2550 ὑπὸ
1546 2498 1725 2549 ΒΗΓ
1770 2502 1944 2565 γωνία

238 2583 379 2654 πρὸς
439 2582 541 2655 τὴν
604 2582 713 2640 ὑπὸ
780 2591 937 2641 ΕΘΖ
999 2586 1091 2641 καὶ
1152 2582 1186 2656 ἡ
1249 2582 1359 2640 ὑπὸ
1422 2588 1598 2639 ΒΑΓ
1641 2582 1779 2654 πρὸς
1840 2583 1988 2655 τὴν,

237 2671 342 2728 ‘fnit‘
391 2678 575 2728 EAZ.
1979 2671 1988 2689 Ἴ

363 2827 400 2865 1.
436 2823 534 2866 ἴσαι
566 2818 786 2878 ἀλλήλαις
819 2821 927 2877 PV;
970 2821 1021 2866 in
1051 2820 1088 2865 P
1122 2822 1219 2866 ἴσαι
1258 2819 1349 2865 del.
1382 2836 1443 2867 m.
1488 2834 1579 2866 rec.
1645 2819 1762 2866 εἰσίν
1802 2819 1942 2864 PBF.

303 2885 344 2926 2.
378 2880 490 2939 BA]
523 2885 562 2926 A
598 2893 713 2926 eras.
746 2879 795 2925 F.
941 2885 982 2926 3.
1017 2875 1143 2926 ἐστίν
1173 2881 1223 2926 Ρ.
1368 2884 1410 2924 5.
1444 2876 1548 2925 ἔστί
1571 2880 1621 2927 F.
1774 2885 1815 2926 6.
1848 2876 1942 2925 ὑπὸ

243 2941 410 2998 ΕΘΖ]
439 2942 578 2985 ΕΘΖ
602 2939 685 2984 BF
698 2955 743 2997 p.
838 2944 878 2984 8.
915 2937 1041 2985 ἐστίν
1066 2940 1116 2983 Ρ.
1210 2937 1283 2998 εἰ]
1308 2939 1358 2983 in
1380 2954 1470 2985 ras.
1494 2941 1544 2986 P.
1643 2944 1710 2984 10.
1745 2935 1869 2984 ἐστίν
1893 2940 1943 2985 Ρ.
