1988 3152
115 990 170 1030 10

111 1432 164 1472 15

107 1876 166 1916 20

207 62 281 116 50
847 64 1185 109 ΣΤΟΙΧΕῙΩΝ
1215 63 1275 110 ε’.

206 181 394 252 πάλιν,
436 181 551 237 ἐπεὶ
592 180 773 246 ἰσάκις
811 182 924 236 ἐστὶ
962 189 1380 239 πολλαπλασίον
1418 182 1480 240 τὸ
1522 189 1635 239 ΘΚ
1661 188 1763 240 τοῦ
1795 192 1900 242 ΕΒ

205 270 299 324 καὶ
353 269 415 326 τὸ
466 275 604 325 ΜΝ
642 273 743 326 τοῦ
793 276 928 341 ΖΔ,
985 274 1098 326 ἔστι
1152 271 1213 327 δὲ
1259 273 1451 328 καὶτὸ
1501 275 1615 335 ΚΞ
1655 277 1756 328 τοῦ
1795 280 1900 330 ΕΒ

207 358 387 423 ἰσάκις
434 357 854 414 πολλαπλάσιον
897 359 993 414 καὶ
1038 358 1102 415 τὸ
1141 366 1273 416 ΝΠ
1303 364 1405 416 τοῦ
1447 367 1588 432 ΖΔ,
1636 363 1728 417 καὶ
1770 378 1902 418 συν-

204 447 370 503 τεθὲν
417 445 478 502 τὸ
518 448 623 509 ΘΞ
665 450 766 502 τοῦ
806 453 912 502 ΕΒ
960 447 1141 514 ἰσάκις
1188 450 1302 504 ἐστὶ
1352 449 1769 505 πολλαπλάσιον
1808 451 1902 507 καὶ

204 534 266 592 τὸ
307 541 445 591 ΜΠ
477 538 579 591 τοῦ
619 541 744 592 ΖΔ.
808 535 921 591 Καὶ
961 538 1082 592 ἐπεί
1117 537 1265 592 ἐστιν
1306 535 1380 603 ὡς
1417 537 1480 593 τὸ
1514 544 1622 593 AB
1661 537 1800 610 πρὸς
1837 537 1902 595 τὸ

204 630 327 695 ΒΕ,
370 622 546 690 οὕτως
583 621 646 680 τὸ
671 628 775 679 ΓΛ
812 624 952 696 πρὸς
989 624 1053 681 τὸ
1081 632 1136 680 Δ
1146 631 1210 695 Ζ,
1247 626 1339 680 καὶ
1373 632 1621 697 εἴληπται
1652 628 1765 683 τῶν
1798 627 1902 698 μὲν

203 719 339 784 ΑΒ,
379 719 483 769 ΓΔ
531 712 712 778 ἰσάκις
756 713 1142 770 πολλαπλάσια
1187 714 1254 770 τὰ
1294 720 1441 785 ΗΚ,
1483 721 1626 785 AN,
1677 718 1789 771 τῶν
1838 715 1901 771 δὲ

204 808 334 872 ΕΒ,
377 808 489 856 ΖΔ
540 802 721 867 ἰσάκις
766 803 1155 858 πολλαπλάσια
1200 802 1265 858 τὰ
1316 806 1442 874 ΘΞ,
1482 809 1637 873 ΜΠ,
1694 807 1745 859 εἰ
1791 803 1900 877 ἄρα

201 889 455 964 ὑπερέχει
502 890 565 946 τὸ
607 896 732 945 HK
774 893 877 946 τοῦ
915 893 1043 961 ΘΞ,
1090 889 1342 964 ὑπερέχει
1388 892 1481 947 καὶ
1527 891 1590 947 τὸ
1632 898 1759 947 AN
1797 895 1900 948 τοῦ

202 986 351 1051 ΜΠ,
391 979 484 1035 καὶ
517 982 568 1034 εἰ
599 986 743 1050 ἴσον,
785 986 928 1050 ἴσον,
968 978 1060 1034 καὶ
1093 982 1144 1034 εἰ
1166 983 1411 1050 ἔλαττον,
1444 984 1685 1037 ἔλαττον.
1735 978 1900 1054 ὑπερ·

202 1070 365 1140 εχέτω
415 1067 484 1140 δὴ
533 1066 596 1124 τὸ
637 1074 763 1124 HK
805 1070 905 1123 τοῦ
945 1069 1067 1136 ΘΞ,
1114 1068 1206 1123 καὶ
1254 1071 1451 1124 κοινοῦ
1491 1066 1900 1141 ἀφαιρεθέντος

199 1161 301 1213 τοῦ
357 1163 471 1213 ΘΚ
521 1155 771 1230 ὑπερέχει
826 1155 937 1229 ἄρα
986 1156 1079 1212 καὶ
1134 1155 1195 1212 τὸ
1244 1162 1358 1212 ΗΘ
1408 1160 1509 1213 τοῦ
1556 1159 1678 1221 ΚΞ.
1755 1155 1897 1214 ἄλλα

200 1250 252 1301 εἰ
288 1243 540 1319 ὑπερεῖχε
578 1244 640 1303 τὸ
673 1251 797 1301 ΗΚ
832 1248 935 1302 τοῦ
967 1247 1086 1316 ΘΞ,
1125 1243 1380 1318 ὑπερεῖχε
1417 1246 1510 1300 καὶ
1549 1244 1612 1301 τὸ
1639 1252 1759 1302 ΛΝ
1798 1249 1899 1303 τοῦ

201 1341 352 1391 ΜΠ’
407 1333 660 1407 ὑπερέχει
699 1331 808 1406 ἄρα
846 1333 938 1389 καὶ
978 1331 1041 1389 τὸ
1082 1339 1209 1390 ΛΝ
1240 1337 1341 1390 τοῦ
1377 1340 1526 1405 ΜΠ,
1565 1335 1657 1389 καὶ
1696 1338 1899 1391 κοινοῦ

196 1422 605 1497 ἀφαιρεθέντος
642 1431 743 1478 τοῦ
776 1428 915 1478 ΜΝ
947 1420 1197 1494 ὑπερέχει
1236 1423 1330 1478 καὶ
1368 1422 1430 1479 τὸ
1465 1429 1593 1478 AM
1621 1432 1723 1479 τοῦ
1748 1429 1812 1478 N
1816 1430 1879 1480 Π
1884 1442 1897 1455 ·

199 1511 339 1569 ὥστε
379 1515 429 1568 εἰ
458 1509 711 1584 ὑπερέχει
741 1510 806 1567 τὸ
838 1517 953 1566 ΗΘ
983 1514 1086 1567 τοῦ
1110 1513 1238 1581 ΚΞ,
1277 1509 1530 1583 ὑπερέχει
1560 1512 1652 1567 καὶ
1683 1510 1745 1568 τὸ
1773 1518 1823 1567 Λ
1834 1519 1906 1568 Μ
1964 1559 1967 1563 ⁴

196 1605 298 1657 τοῦ
331 1607 395 1657 Ν
397 1607 468 1657 Π.
523 1598 730 1672 ὁμοίως
770 1598 840 1671 δὴ
882 1601 1154 1671 δείξομεν,
1196 1598 1283 1655 ὅτι
1314 1597 1421 1655 κᾶν
1455 1607 1579 1656 ἴσον
1612 1594 1648 1674 ᾗ
1682 1600 1743 1657 τὸ
1781 1607 1898 1657 ΗΘ
1965 1619 1968 1623 ’

196 1693 272 1767 τῷ
305 1692 430 1760 ΚΞ,
470 1696 596 1745 ἴσον
636 1693 788 1745 ἔσται
827 1689 919 1743 καὶ
958 1686 1020 1744 τὸ
1055 1694 1107 1743 Λ
1119 1694 1190 1744 Μ
1218 1692 1295 1765 τῷ
1320 1695 1462 1761 ΝΠ,
1502 1686 1608 1745 κᾶν
1649 1693 1899 1761 ἔλαττον,

197 1781 442 1835 ἔλαττον.
516 1779 615 1832 καί
666 1779 780 1833 ἐστι
827 1775 893 1832 τὰ
942 1777 1044 1849 μὲν
1092 1783 1234 1847 ΗΘ,
1280 1783 1417 1834 ΛΜ
1453 1780 1567 1834 τῶν
1615 1785 1751 1849 ΑΕ,
1792 1783 1895 1834 ΓΖ

199 1866 380 1932 ἰσάκις
426 1865 837 1936 πολλαπλάσια,
885 1865 952 1921 τὰ
1002 1866 1065 1922 δὲ
1111 1867 1246 1937 ΚΞ,
1286 1871 1419 1922 ΝΠ
1457 1870 1571 1922 τῶν
1613 1873 1742 1937 ΕΒ,
1784 1873 1895 1921 ΖΔ

195 1954 355 2026 ἄλλα,
395 1952 430 2010 ἃ
472 1958 682 2026 ἔτυχεν,
724 1953 905 2021 ἰσάκις
934 1954 1342 2011 πολλαπλάσια·
1398 1958 1549 2010 ἔστιν
1582 1953 1690 2027 ἄρα
1724 1952 1798 2020 ὡς
1830 1953 1892 2023 ζὸ

195 2051 309 2100 ΑΕ
344 2043 484 2117 πρὸς
521 2043 583 2099 τὸ
624 2049 748 2114 ΕΒ,
790 2041 966 2109 οὕτως
1004 2042 1068 2099 τὸ
1109 2048 1211 2099 ΓΖ
1251 2041 1390 2115 πρὸς
1428 2041 1490 2099 τὸ
1533 2049 1659 2099 ΖΔ.

302 2131 433 2188 Ἐὰν
466 2131 575 2204 ἄρα
607 2136 941 2204 συγκείμενα
973 2132 1183 2204 μεγέθη
1216 2129 1500 2203 ἀνάλογον
1531 2124 1587 2204 ᾗ,
1625 2131 1717 2186 καὶ
1752 2135 1894 2187 διαι-

195 2222 431 2294 ρεθέντα
472 2219 756 2292 ἀνάλογον
797 2224 970 2276 ἔσται·
1023 2209 1158 2293 ὅπερ
1199 2223 1312 2276 ἔδει
1352 2221 1541 2288 δεῖξαι.

314 2375 352 2414 1.
388 2365 513 2414 ἐστίν
544 2368 644 2414 FV.
768 2373 808 2414 3.
844 2368 950 2426 ΖΔ]
986 2371 1065 2412 ΖΒ
1102 2367 1150 2413 F.
1272 2372 1314 2413 4.
1347 2366 1422 2426 τό]
1457 2363 1551 2423 ἄρα
1582 2362 1634 2411 τό
1659 2365 1762 2424 Bp;
1795 2364 1892 2422 ἄρα

191 2429 296 2475 add.
330 2444 390 2475 m.
425 2434 450 2473 2
483 2428 534 2472 F,
658 2433 696 2472 6.
733 2428 839 2486 ΔΖ]
874 2430 962 2471 ΖΔ
992 2426 1137 2500 Βνξ).
1262 2427 1454 2485 ’1.7ΛΝ]
1489 2440 1513 2471 e
1546 2440 1660 2471 corr.
1693 2441 1753 2470 m.
1781 2432 1806 2471 2
1834 2426 1889 2473 V.

251 2493 292 2533 8.
330 2490 436 2545 ΖΔ]
469 2489 558 2532 ΔΖ
588 2488 637 2532 P.
716 2487 819 2544 Seq.
864 2486 914 2531 in
951 2487 1051 2543 Bp:
1086 2488 1203 2531 αλλα
1234 2479 1265 2529 ἃ
1301 2483 1487 2543 ἔτυχεν;
1520 2485 1648 2530 idem
1678 2485 1721 2530 V
1752 2501 1813 2530 m.
1849 2491 1891 2542 2,

191 2550 240 2593 et
277 2547 313 2591 F
351 2547 401 2591 in
431 2562 521 2592 ras.
560 2561 621 2590 m.
664 2551 690 2590 2
731 2548 826 2604 (om
865 2540 937 2602 ἅ),
972 2546 1055 2590 sed
1087 2545 1258 2590 omisso
1292 2541 1445 2596 ἰσάκις
1478 2544 1588 2601 (fuit
1618 2544 1668 2589 in
1699 2559 1792 2617 myg.
1826 2559 1888 2591 m.
1965 2543 1968 2547 ’

191 2612 233 2664 2,
259 2607 340 2652 sed
366 2608 530 2663 enam).
658 2610 724 2650 10.
760 2604 970 2661 ἔλασσον,
997 2602 1192 2649 ἔλασσον
1213 2619 1260 2678 p.
1387 2609 1455 2648 12.
1489 2600 1627 2662 ἄλλά]
1651 2599 1736 2648 ἄλλ
1785 2604 1889 2650 FV.

253 2670 320 2710 13.
356 2661 597 2739 ὑπερεῖχε]
632 2665 784 2722 PVp;
826 2660 1077 2722 ὑπερεῖχεν
1108 2665 1167 2720 Βς
1201 2661 1424 2727 ὑπερέχει
1457 2677 1481 2708 e
1514 2677 1628 2709 corr.
1662 2663 1711 2709 F.
1834 2660 1886 2707 τὸ

192 2728 294 2769 ΗΚ
323 2726 406 2769 τοῦ
442 2726 538 2772 ΘΞ
573 2724 816 2783 ὑπερεῖχε]
850 2737 944 2780 mg.
977 2737 1038 2768 m.
1066 2728 1088 2767 1
1115 2724 1165 2770 P.
1288 2723 1530 2780 ὑπερεῖχε]
1557 2737 1610 2779 p;
1636 2719 1887 2779 ὑπερεῖχεν
1973 2746 1988 2790 '-

188 2782 298 2839 PB;
339 2780 562 2841 ὑπερέχει
591 2783 694 2828 FV.
794 2784 912 2842 ΛΝ]
944 2785 1044 2827 ΛΗ
1070 2782 1121 2827 in
1150 2797 1237 2827 ras.
1262 2797 1322 2827 m.
1351 2787 1370 2825 1
1400 2797 1443 2839 p.
1548 2786 1617 2826 16.
1642 2777 1886 2838 ὑπερέχει]

189 2841 310 2901 -έχει
347 2842 396 2887 in
435 2855 523 2887 ras.
564 2843 614 2888 P.
761 2843 884 2901 ΚΞ]
931 2841 981 2885 in
1027 2857 1116 2888 ras.
1166 2843 1222 2887 V.
1370 2845 1439 2886 18.
1489 2838 1646 2899 ἔσται]
1698 2854 1786 2886 om.
1834 2840 1887 2886 F.
