1988 3152
210 153 318 206 194
839 155 1175 198 ΣΤοῙΧΕῙῼΝ
1206 152 1264 208 ζ’.

207 283 347 345 τρεῖ,
402 272 494 327 καὶ
551 271 580 327 6
633 278 699 326 Η
745 271 855 344 ἄρα
904 270 1004 326 τὸν
1052 277 1162 326 ΒΕ
1211 284 1416 343 μετρεῖ·
1472 285 1660 345 μετρεῖ
1705 274 1768 328 δὲ
1812 274 1906 328 καὶ

210 359 343 417 ὅλον
397 359 497 415 τὸν
552 366 683 414 ΒΑ·
737 360 831 414 καὶ
885 357 1084 415 λοιπὸν
1139 359 1248 432 ἄρα
1309 359 1409 415 τὸν
1465 368 1579 416 ΑΕ
1631 361 1903 433 μετρήσει.

209 449 238 505 6
283 449 343 504 δὲ
379 454 494 502 ΑΕ
528 445 630 503 τὸν
672 454 781 502 AZ
821 459 1025 519 μετρεῖ·
1072 449 1164 503 καὶ
1206 449 1234 503 6
1277 454 1342 502 Η
1372 447 1483 520 ἄρα
1520 448 1622 505 τὸν
1665 456 1774 504 AZ
1814 472 1902 520 με«

206 536 420 609 τρήσει·
461 547 652 607 μετρεῖ
688 535 751 592 δὲ
787 537 880 591 καὶ
920 535 1055 592 ὅλον
1096 536 1196 592 τὸν
1240 541 1372 591 ΔΓ·
1423 537 1516 591 καὶ
1557 537 1755 593 λοιπὸν
1795 535 1906 608 ἄρα

147 638 172 677 5
207 623 305 680 τὸν
346 629 445 678 ΓΖ
486 623 743 696 μετρήσει
784 622 813 679 6
854 629 1053 695 μείζων
1092 623 1191 680 τὸν
1232 626 1528 680 ἐλάσσονα·
1579 623 1712 697 ὅπερ
1754 626 1906 680 ἐστὶν

207 711 513 768 ἀδύνατον·
568 710 671 767 οὐκ
711 710 820 783 ἄρα
860 710 991 777 τοὺς
1030 719 1164 783 ΑΒ,
1198 718 1300 768 ΓΔ
1340 711 1621 784 ἀριθμοὺς
1661 710 1906 784 ἀριθμός

204 825 287 867 τις
324 800 582 874 μετρήσει
622 805 820 872 μείζων
862 797 942 856 ὢν
982 805 1082 856 τοῦ
1122 807 1244 856 ΓΖ·
1288 799 1315 856 6
1359 807 1459 856 ΓΖ
1492 800 1600 872 ἄρα
1631 804 1745 856 τῶν
1777 807 1905 871 ΑΒ,

206 895 310 945 ΓΔ
360 888 621 960 μέγιστόν
662 891 776 944 ἐστι
822 887 1020 944 κοινὸν
1069 891 1271 960 μέτρον
1321 888 1477 959 [ὅπερ
1526 893 1637 944 ἔδει
1688 891 1902 959 δεῖξαι]

898 1049 1222 1122 Πόρισμα.

116 1168 171 1207 10
274 1154 365 1211 Ἐκ
406 1155 475 1226 δὴ
516 1154 721 1210 τούτου
760 1153 1028 1225 φανερόν,
1070 1152 1155 1209 ὅτι
1189 1153 1286 1210 ἐὰν
1318 1152 1560 1227 ἀριθμὸς
1601 1155 1706 1210 δύο
1740 1153 1902 1228 ἀριθ-

204 1243 344 1316 μοὺς
390 1246 585 1316 μετρῇ,
639 1242 733 1297 καὶ
779 1241 842 1297 τὸ
899 1244 1160 1313 μέγιστον
1209 1241 1396 1299 αὐτῶν
1446 1242 1642 1299 κοινὸν
1699 1244 1902 1315 μέτρον

203 1333 482 1404 μετρήσει·
526 1331 661 1402 ὅπερ
703 1334 816 1386 ἔδει
856 1333 1046 1398 δεῖξαι.

1014 1516 1050 1564 γ
1076 1537 1086 1548 .

322 1600 533 1669 Τριῶν
573 1595 879 1669 ἀριθμῶν
920 1597 1262 1652 δοθέντων
1302 1595 1382 1668 μὴ
1424 1596 1707 1664 πρώτων
1741 1594 1904 1669 πρὸς

117 1698 172 1738 15
205 1683 535 1757 ἀλλήλους
588 1685 657 1741 τὸ
724 1686 1041 1756 μέγιστον
1104 1683 1319 1741 αὐτῶν
1373 1682 1606 1741 κοινὸν
1664 1686 1902 1758 μέτρον

204 1774 447 1847 εὑρεῖν.

299 1862 590 1919 ’Ἐστωσαν
648 1865 706 1918 οἰ
758 1863 1024 1928 δοθέντες
1078 1874 1223 1934 τρεῖς
1278 1860 1512 1934 ἀριθμοὶ
1569 1861 1642 1933 μὴ
1692 1865 1902 1934 πρῶτοι

202 1950 342 2024 πρὸς
388 1950 666 2022 ἀλλήλους
714 1954 772 2006 οἱ
816 1959 893 2020 Α,
925 1957 999 2021 Β,
1031 1956 1098 2006 Γ·
1151 1954 1239 2006 δεῖ
1276 1949 1344 2022 δὴ
1384 1954 1497 2006 τῶν
1537 1958 1614 2021 Α,
1648 1956 1720 2021 Β,
1754 1955 1807 2005 Γ
1837 1950 1899 2006 τὸ

204 2043 466 2113 μέγιστον
504 2040 701 2096 κοινὸν
741 2041 944 2112 μέτρον
985 2037 1188 2111 εὑρεῖν.

114 2148 171 2188 20
315 2128 593 2200 Εἰλήφθω
641 2128 750 2200 γὰρ
799 2128 902 2184 δύο
942 2131 1055 2184 τῶν
1096 2136 1165 2195 Α,
1198 2134 1245 2183 Β
1285 2126 1347 2183 τὸ
1396 2129 1657 2199 μέγιστον
1703 2125 1900 2183 κοινὸν

204 2220 407 2291 μέτρον
448 2217 478 2274 6
520 2225 595 2272 A·
637 2215 666 2273 6
709 2217 778 2289 δὴ
814 2225 868 2272 A
905 2215 1004 2273 τὸν
1043 2222 1096 2272 Γ
1129 2215 1253 2287 ἤτοι
1292 2227 1482 2287 μετρεῖ
1515 2213 1549 2287 ἢ
1594 2215 1661 2272 οὐ
1701 2227 1900 2288 μετρεῖ.

204 2311 464 2379 μετρείτω
511 2305 809 2378 πρότερον·
862 2317 1051 2378 μετρεῖ
1103 2306 1164 2361 δὲ
1217 2306 1309 2360 καὶ
1363 2304 1493 2372 τοὺς
1539 2314 1610 2375 Α,
1650 2312 1716 2361 Β·
1766 2305 1795 2361 6
1845 2312 1900 2360 A

204 2394 313 2468 ἄρα
366 2394 499 2460 τοὺς
554 2403 630 2465 Α,
663 2401 734 2465 Β,
768 2399 822 2449 Γ
866 2406 1071 2467 μετρεῖ·
1129 2392 1158 2450 6
1216 2402 1270 2449 A
1324 2393 1434 2466 ἄρα
1487 2397 1599 2449 τῶν
1654 2402 1725 2465 Α,
1757 2401 1822 2463 Β,
1854 2398 1908 2449 Γ

204 2482 403 2540 κοινὸν
459 2484 659 2554 μέτρον
716 2485 880 2539 ἐστίν.
973 2484 1114 2554 λέγω
1180 2483 1275 2555 δή,
1340 2481 1426 2539 ὅτι
1478 2483 1570 2537 καὶ
1626 2484 1905 2554 μέγιστον.

326 2637 365 2676 3.
402 2636 578 2687 μετρεῖ·
614 2631 722 2689 καί]
757 2644 874 2675 corr.
910 2645 965 2675 ex
990 2628 1212 2702 μετρήσει
1237 2645 1296 2675 m.
1326 2636 1349 2674 1
1375 2646 1418 2701 p.
1511 2627 1596 2674 τὸν
1622 2634 1708 2674 AZ
1732 2627 1826 2686 ἄρα
1850 2631 1898 2676 F.

205 2687 450 2748 μετρήσει]
485 2696 651 2747 μετρεῖ
673 2690 724 2733 Ρ.
876 2695 916 2736 4.
951 2690 1052 2748 τον]
1099 2704 1214 2734 corr.
1257 2704 1314 2734 ex
1343 2705 1396 2733 το
1427 2704 1488 2733 m.
1524 2695 1547 2733 1
1581 2705 1624 2746 p.
1777 2691 1896 2747 ΔΓ]

207 2752 290 2792 ΓΔ
322 2765 366 2806 p.
514 2754 553 2794 5.
590 2745 735 2819 ἐστίν]
772 2763 860 2793 om.
894 2749 946 2793 B.
1093 2755 1132 2794 8.
1169 2746 1294 2793 ἐστιν
1325 2747 1424 2793 PV.
1573 2754 1641 2793 10.
1674 2749 1813 2793 τοῦτο
1846 2749 1898 2821 P,

206 2809 286 2852 sed
320 2823 435 2853 corr.
578 2813 644 2852 12.
681 2824 796 2863 οπερ
831 2807 929 2853 ἔδει
953 2809 1136 2879 δεῖξαι]
1170 2808 1230 2862 Ρ;
1262 2822 1352 2852 om.
1384 2807 1575 2865 BFVp.
1714 2812 1782 2853 19.
1816 2806 1896 2864 με’-

204 2867 335 2925 τρον]
378 2867 452 2911 bis
482 2881 528 2924 p.
682 2872 751 2912 20.
787 2865 874 2911 δύο
907 2863 995 2924 γάρ
1027 2883 1071 2924 p.
1218 2872 1289 2913 22.
1329 2867 1515 2926 μετρεῖ]
1557 2867 1677 2923 (alt.)
1715 2881 1804 2912 om.
1846 2867 1896 2910 F.

265 2930 336 2971 24.
371 2922 514 2984 ἐστίν]
551 2939 700 2983 comp.
732 2927 830 2982 Fp3
865 2884 995 2970 ἐστίρ
992 2925 1138 2971 PBV.
1262 2923 1350 2984 δή]
1385 2940 1472 2971 om.
1506 2926 1557 2971 Ρ.
