1988 3152
209 85 281 136 24
849 82 1187 125 ΣΤΟΙΧΕῙΩΝ
1218 97 1238 126 ε
1249 78 1275 126 ’.

331 206 458 257 Τῶν
514 199 623 273 γὰρ
680 199 868 256 αὐτῶν
921 201 1491 266 κατασκευασθέντων
1538 198 1742 271 ὁμοίως
1795 204 1904 256 δεί-

211 294 403 363 ξομεν,
453 289 538 345 ὅτι
587 297 712 345 ἴσον
762 290 877 345 ἐστὶ
923 288 986 344 τὸ
1031 296 1085 343 A
1122 292 1197 365 τῷ
1238 295 1306 343 Ε·
1349 287 1485 343 ἄλλο
1535 290 1601 343 δέ
1641 310 1694 343 τι
1733 286 1795 344 τὸ
1837 294 1904 343 Ζ·

211 383 261 435 εἰ
299 378 408 453 ἄρα
446 376 702 451 ὑπερέχει
739 376 803 433 τὸ
847 383 891 432 Ζ
922 381 1025 433 τοῦ
1059 384 1132 447 Δ,
1171 375 1424 449 ὑπερέχει
1455 376 1549 431 καὶ
1579 378 1681 431 τοῦ
1714 382 1779 446 Ε,
1811 377 1903 431 καὶ

212 472 264 524 εἰ
304 475 456 538 ἴσον,
500 475 626 523 ἴσον
639 510 654 537 ,
693 467 787 522 καὶ
827 469 878 522 εἰ
918 470 1171 535 ἔλαττον,
1222 469 1464 521 ἔλαττον.
1540 470 1638 519 καί
1681 466 1795 520 ἐστι
1839 465 1909 527 τὸ1

151 564 177 602 5
210 555 312 627 μὲν
367 560 412 608 Ζ
451 557 553 609 τοῦ
600 558 654 609 Γ
700 552 1143 622 πολλαπλάσιον,
1182 551 1250 608 τὰ
1298 552 1361 608 δὲ
1415 559 1487 622 Δ,
1513 559 1565 607 Ε
1608 557 1721 609 τῶν
1761 561 1831 622 A,
1857 559 1904 608 Β

212 643 375 713 ἄλλα,
416 640 452 697 ἃ
495 646 706 714 ἔτυχεν,
748 642 930 707 ἰσάκις
967 640 1374 697 πολλαπλάσια·
1414 645 1564 696 ἔστιν
1596 641 1705 713 ἄρα
1737 640 1812 706 ὡς
1840 639 1936 696 ‘cb‘

211 737 264 787 Γ
297 730 437 803 πρὸς
474 730 537 786 τὸ
579 737 657 800 Α,
699 728 878 796 οὕτως
914 729 975 786 τὸ
1018 734 1071 785 Γ
1102 727 1240 801 πρὸς
1276 727 1340 784 τὸ
1387 735 1443 785 Β.

332 819 410 875 Τὰ
461 825 554 874 ἴσα
594 818 705 891 ἄρα
746 818 885 891 πρὸς
922 819 985 874 τὸ
1028 816 1164 874 αὐτὸ
1205 816 1305 874 τὸν
1354 816 1527 873 αὐτὸν
1577 822 1686 889 ἔχει
1733 817 1909 888 λόγον

213 909 308 964 καὶ
349 907 411 963 τὸ
453 904 593 962 αὐτὸ
637 905 773 978 πρὸς
812 905 878 960 τὰ
921 913 1028 961 ἴσα.

127 1055 182 1095 10
922 1037 1201 1110 Πόρισμα.

283 1142 376 1199 Ἐκ
418 1141 486 1214 δὴ
525 1142 731 1199 τούτου
770 1141 1041 1214 φανερόν,
1082 1140 1167 1198 ὅτι
1208 1140 1307 1197 ἐὰν
1349 1141 1557 1212 μεγέθη
1597 1163 1722 1196 τινα
1772 1137 1909 1196 ἀνά-

215 1241 387 1304 λογον
405 1235 459 1306 ᾖ,
479 1232 574 1286 καὶ
592 1229 873 1287 ἀνάπαλιν
890 1229 1176 1302 ἀνάλογον
1201 1234 1367 1286 ἔσται.
1416 1229 1553 1303 ὅπερ
1579 1234 1691 1286 ἔδει
1718 1232 1908 1296 δεῖξαι

1027 1386 1061 1434 η
1089 1408 1101 1420 .

338 1473 486 1526 Τῶν
542 1467 792 1525 ἀνίσων
847 1470 1152 1539 μεγεθῶν
1206 1466 1276 1523 τὸ
1342 1473 1564 1539 μεῖζον
1617 1465 1778 1539 πρὸς
1838 1464 1911 1522 τὸ

133 1571 187 1611 15
221 1557 381 1615 αὐτὸ
446 1562 714 1630 μείζονα
783 1554 986 1627 λόγον
1049 1559 1182 1627 ἔχει
1252 1554 1414 1627 ἥπερ
1479 1554 1549 1612 τὸ
1613 1559 1910 1611 ἔλαττον.

216 1649 323 1704 καὶ
377 1648 447 1704 τὸ
501 1643 658 1702 αὐτὸ
714 1642 874 1718 πρὸς
926 1643 996 1701 τὸ
1054 1647 1326 1700 ἔλαττον
1382 1648 1654 1716 μείζονα
1709 1643 1913 1714 λόγον

219 1741 352 1809 ἔχει
391 1735 554 1808 ἤπερ
595 1733 756 1807 πρὸς
793 1731 864 1789 τὸ
904 1737 1142 1804 μεῖζον.

318 1823 501 1880 ’Ἐστω
540 1822 710 1878 ἄνισα
764 1822 974 1893 μεγέθη
1021 1819 1088 1877 τὰ
1134 1826 1267 1890 ΛΒ,
1292 1825 1363 1891 Γ,
1407 1821 1501 1876 καὶ
1542 1825 1678 1877 ἔστω
1726 1825 1915 1892 μεῖζον

219 1911 281 1973 τὸ
324 1918 461 1983 ΑΒ,
501 1911 638 1967 ἄλλο
680 1911 766 1981 δέ,
809 1907 839 1966 ὃ
881 1913 1096 1981 ἔτυχεν,
1135 1907 1198 1965 τὸ
1240 1917 1317 1964 Δ·
1356 1910 1524 1980 λέγω,
1565 1907 1650 1965 ὅτι
1689 1907 1752 1964 τὸ
1800 1915 1909 1964 ΑΒ

131 2013 189 2054 20
223 2000 363 2074 πρὸς
402 2000 464 2057 τὸ
507 2008 562 2056 A
602 2004 826 2072 μείζονα
865 1999 1038 2070 λόγον
1079 2001 1189 2070 ἔχει
1226 1996 1365 2069 ἤπερ
1404 1996 1466 2054 τὸ
1498 2002 1551 2053 Γ
1575 1996 1713 2069 πρὸς
1742 1997 1804 2053 τὸ
1842 2005 1915 2068 A,

218 2095 313 2145 καὶ
363 2089 425 2146 τὸ
470 2097 525 2145 A
565 2086 704 2161 πρὸς
751 2086 813 2143 τὸ
864 2091 917 2141 Γ
949 2091 1173 2157 μείζονα
1220 2085 1392 2158 λόγον
1443 2090 1552 2158 ἔχει
1597 2083 1737 2158 ἤπερ
1778 2085 1918 2158 πρὸς

219 2178 280 2235 τὸ
322 2185 448 2235 ΑΒ.

334 2264 484 2323 Ἐπεὶ
530 2264 637 2338 γὰρ
685 2262 872 2335 μεῖζόν
922 2264 1036 2319 ἐστι
1083 2261 1144 2318 τὸ
1188 2268 1296 2318 AB
1336 2265 1437 2318 τοῦ
1476 2267 1541 2332 Γ,
1587 2266 1797 2318 κείσθω
1837 2267 1913 2338 τῷ

222 2361 275 2413 Γ
321 2363 446 2412 ἴσον
477 2352 540 2409 τὸ
582 2359 711 2408 ΒΕ·
761 2351 823 2408 τὸ
874 2349 942 2422 δὴ
985 2355 1223 2407 ἔλασσον
1261 2354 1374 2407 τῶν
1414 2357 1542 2422 ΑΕ,
1568 2357 1672 2406 ΕΒ
1712 2357 1917 2406 πολλα-

342 2503 468 2548 Vm.
500 2502 624 2547 Hero
658 2501 884 2557 def.125,
918 2505 958 2545 6.
1017 2499 1172 2545 Schol.
1205 2498 1255 2542 in
1285 2498 1501 2556 Pappum
1524 2498 1662 2556 IIIp.
1689 2503 1818 2554 1175,
1843 2503 1916 2543 21.

347 2628 385 2668 1.
419 2618 591 2678 ὁμοίως
622 2615 680 2676 δή
706 2619 755 2665 Ρ.
879 2623 918 2664 3.
953 2617 1110 2675 καί](
1095 2616 1261 2673 (rius)
1284 2613 1339 2660 τὸ
1364 2619 1398 2659 Ζ
1422 2617 1509 2661 καί
1527 2615 1588 2670 Ρ,
1620 2615 1701 2661 καὶ
1726 2612 1778 2660 τὸ
1806 2619 1840 2660 Ζ
1863 2616 1916 2662 F.

226 2688 266 2728 4.
318 2680 514 2727 ἔλασσον
555 2677 751 2724 ἔλασσον
788 2677 844 2723 V.
979 2678 1066 2720 καί
1131 2675 1222 2733 στι]
1203 2675 1351 2733 ]καί
1385 2671 1511 2720 ἔστιν
1541 2675 1599 2730 Ρ,
1642 2671 1739 2719 ἐστι
1779 2673 1832 2719 δέ
1865 2673 1914 2719 F.

289 2746 330 2786 6
370 2736 484 2785 ἄλλα
524 2733 578 2796 ἅ]
625 2754 674 2794 φ.
822 2734 901 2806 ἔφυ
904 2736 1008 2794 χεν]
1058 2732 1127 2780 ἔτ·
1161 2747 1302 2807 sqpra
1332 2750 1381 2791 φ.
1528 2739 1565 2778 7.
1586 2710 1768 2804 οὕτως]
1802 2747 1917 2778 corr.

222 2815 278 2845 ex
303 2794 423 2845 οὕτω
448 2814 509 2843 m.
541 2802 567 2842 2
594 2796 641 2843 F.
736 2793 859 2840 9.τὰ
886 2795 983 2853 ἴσα]
1009 2791 1065 2838 τὰ
1092 2796 1170 2839 ἴσα
1195 2808 1279 2839 οπ-
1297 2810 1346 2850 φ.
1443 2797 1509 2837 10.
1535 2789 1815 2850 πόρισμα-
1836 2797 1915 2837 12:

223 2858 384 2918 ἔσται]
448 2858 507 2913 Ρ;
565 2871 653 2901 om.
710 2855 874 2899 Theon
929 2854 1189 2911 (BFVp);
1253 2852 1333 2899 cfr.
1403 2851 1463 2896 ad
1522 2866 1654 2909 prop.
1718 2852 1795 2897 IV.
