1988 3152
152 182 262 234 212
798 181 1136 223 mommsen
1168 175 1225 232 ζ’.

147 305 247 356 καί
293 302 443 356 ἐστιν
492 306 618 354 ἴσον
666 296 730 353 τὸ
778 301 997 367 πλῆθος
1045 300 1159 353 τῶν
1198 303 1336 368 ΒΗ,
1367 302 1488 352 ΗΓ
1520 300 1595 372 τῷ
1645 295 1852 366 πλήθει

147 391 264 445 τῶν
318 395 449 458 ΕΘ,
490 394 617 458 ΘΖ,
673 384 703 442 ὃ
761 385 873 457 ἄρα
928 386 1095 457 μέρος
1148 387 1299 442 ἐστὶν
1355 384 1384 442 6
1433 391 1556 441 ΒΗ
1600 388 1700 439 τοί
1749 390 1855 439 ΕΘ

149 472 185 547 ἢ
233 475 397 547 μέρη,
451 473 514 531 τὸ
563 473 700 530 αὐτὸ
758 474 924 545 μέρος
971 475 1085 530 ἐστὶ
1139 474 1232 528 καὶ
1282 471 1311 529 6
1359 478 1480 528 ΗΓ
1520 477 1622 528 τοῦ
1670 479 1772 528 ΘΖ
1820 468 1854 543 ἢ

148 563 216 619 τὰ
273 562 415 619 αὐτὰ
470 562 630 636 μέρη·
688 561 827 619 ὥστε
882 563 972 617 καὶ
1022 561 1051 618 ὃ
1103 562 1270 633 μέρος
1317 561 1468 616 ἐστὶν
1516 558 1545 616 6
1593 567 1715 616 ΒΗ
1752 563 1855 617 τοῦ

93 662 119 702 5
152 659 256 708 ΕΘ
302 649 336 723 ἢ
386 653 553 723 μέρη,
603 651 666 708 τὸ
717 648 854 706 αὐτὸ
910 653 1078 722 μέρος
1125 651 1240 707 ἐστὶ
1294 651 1386 705 καὶ
1434 650 1858 721 συναμφότερος

152 738 183 795 6
231 745 340 796 ΒΓ
383 740 814 811 συναμφοτέρου
859 742 963 794 τοῦ
1002 745 1108 794 ΕΖ
1146 735 1180 809 ἢ
1214 737 1281 793 τὰ
1325 736 1466 794 αὐτὰ
1507 739 1660 810 μέρη.
1738 746 1859 804 ἴσος

153 827 216 883 δὲ
265 825 294 882 6
346 827 449 898 μὲν
489 833 604 883 ΒΗ
640 831 717 903 τῷ
758 835 836 898 Α,
885 825 915 882 6
966 827 1027 882 δὲ
1069 833 1173 883 ΕΘ
1211 830 1287 901 τῷ
1330 833 1408 881 Δ·
1457 824 1487 882 ὃ
1536 825 1647 897 ἄρα
1694 828 1861 898 μέρος

153 916 306 972 ἐστὶν
354 913 384 971 6
434 924 487 971 A
532 919 634 972 τοί
685 923 740 971 Δ
786 912 820 986 ἢ
877 917 1040 987 μέρη,
1095 915 1160 971 τὸ
1207 913 1344 971 αὐτὸ
1395 916 1561 987 μέρος
1607 916 1720 972 ἐστὶ
1767 917 1859 971 καὶ

154 1001 184 1060 6
224 1009 339 1060 ΒΓ
369 1008 474 1060 τοῦ
514 1011 619 1060 ΕΖ
658 1001 693 1075 ἢ
736 1003 803 1059 τὰ
846 1002 990 1060 αὐτὰ
1032 1006 1194 1075 μέρη·
1235 1002 1370 1075 ὅπερ
1411 1007 1524 1060 ἔδει
1565 1006 1754 1071 δεῖξαι.

66 1186 145 1226 10·
887 1208 889 1211 -
979 1191 1039 1222 ι.

263 1268 410 1326 Ἐὰν
466 1268 755 1343 ἀριθμὸς
801 1269 1100 1342 ἀριθμοῦ
1154 1271 1313 1342 μέρη
1369 1264 1431 1343 ᾖ,
1486 1270 1592 1325 καὶ
1641 1271 1862 1343 ἕτερος

156 1359 383 1430 ἑτέρου
429 1357 504 1415 τὰ
556 1358 720 1415 αὐτὰ
778 1361 936 1431 μέρη
983 1352 1047 1431 ᾗ,
1103 1360 1213 1414 καὶ
1262 1357 1568 1428 ἐναλλάξ,
1616 1354 1651 1413 ἃ
1701 1360 1861 1430 μέρη

156 1447 339 1503 ἐστὶν
387 1445 416 1503 6
466 1456 721 1520 πρῶτος
767 1451 884 1504 τοῦ
932 1451 1161 1519 τρίτου
1206 1444 1240 1517 ἢ
1299 1448 1519 1519 μέρος,
1574 1445 1649 1503 τὰ
1699 1445 1863 1503 αὐτὰ

157 1536 317 1607 μέρη
367 1540 549 1592 ἔσται
594 1537 705 1592 καὶ
756 1534 785 1592 6
828 1535 1142 1606 δεύτερος
1179 1539 1295 1591 τοῦ
1346 1534 1664 1607 τετάρτου
1711 1533 1744 1607 ἢ
1793 1558 1862 1592 το

70 1635 125 1676 15
159 1621 322 1680 αὐτὸ
362 1627 575 1696 μέρος.

265 1711 532 1786 Ἀριθμὸς
578 1713 686 1786 γὰρ
736 1711 766 1770 6
817 1720 925 1769 AB
975 1711 1227 1787 ἀριθμοῦ
1274 1717 1375 1769 τοῦ
1423 1719 1476 1770 Γ
1523 1715 1660 1787 μέρη
1710 1718 1866 1784 ἔστω,

156 1802 251 1858 καὶ
291 1804 476 1875 ἕτερος
515 1801 544 1859 6
586 1809 706 1858 ΔΕ
741 1802 932 1874 ἑτέρου
971 1806 1074 1858 τοῦ
1115 1791 1160 1858 Ζ
1199 1802 1266 1859 τὰ
1309 1800 1449 1858 αὐτὰ
1491 1804 1652 1876 μέρη·
1702 1805 1864 1876 λέγω,

160 1889 246 1947 ὅτι
285 1892 377 1947 καὶ
418 1891 679 1963 ἐναλλάξ,
719 1888 754 1947 ἃ
794 1892 931 1963 μέρη
976 1892 1127 1948 ἐστὶν
1169 1890 1199 1947 6
1239 1898 1347 1947 AB
1386 1894 1489 1948 τοῦ
1530 1898 1647 1947 ΛΕ
1691 1889 1725 1964 ἦ
1774 1894 1866 1964 μέ-

159 2002 284 2053 ρος,
339 1979 407 2035 τὰ
455 1978 597 2036 αὐτὰ
644 1981 782 2053 μέρη
833 1980 948 2036 ἐστὶ
994 1981 1087 2036 καὶ
1135 1978 1163 2036 ὁ
1213 1990 1263 2036 Γ
1300 1985 1402 2037 τοῦ
1449 1987 1494 2036 Ζ
1541 1978 1576 2053 ἢ
1626 1979 1688 2036 τὸ
1730 1979 1867 2037 αὐτὸ

72 2087 130 2127 20
162 2070 343 2141 μέρος.

270 2156 420 2213 Ἐπεὶ
465 2157 601 2230 γάρ,
649 2156 685 2213 ἃ
734 2160 871 2230 μέρη
921 2158 1074 2215 ἐστὶν
1123 2156 1152 2214 6
1201 2164 1309 2214 AB
1356 2161 1461 2214 τοῦ
1505 2164 1569 2230 Γ,
1617 2158 1684 2214 τὰ
1725 2158 1866 2215 αὐτὰ

163 2247 302 2319 μέρη
359 2248 474 2302 ἐστὶ
520 2246 614 2302 καὶ
662 2243 692 2302 6
743 2252 860 2302 ΔΕ
902 2250 1003 2302 τοῦ
1052 2253 1123 2317 Ζ,
1173 2245 1277 2302 ὅσα
1324 2246 1436 2319 ἄρα
1483 2249 1635 2303 ἐστὶν
1683 2249 1743 2303 ἐν
1790 2251 1866 2325 τῷ

163 2341 275 2391 ΑΒ
323 2335 460 2405 μέρη
508 2337 613 2390 τοῦ
650 2339 714 2405 Γ,
765 2343 1007 2390 τοσαῦτα
1054 2335 1147 2390 καὶ
1195 2337 1256 2391 ἐν
1302 2339 1378 2410 τῷ
1421 2342 1538 2392 ΔΕ
1580 2337 1718 2408 μέρη
1765 2340 1868 2393 τοῦ

166 2428 228 2478 Ζ.
305 2420 599 2494 διῃρήσθω
641 2419 671 2477 ὁ
711 2421 814 2492 μὲν
853 2429 962 2478 ΑΒ
1001 2426 1080 2488 εἰς
1117 2423 1183 2477 τὰ
1222 2425 1325 2478 τοῦ
1364 2428 1418 2478 Γ
1454 2425 1593 2495 μέρη
1625 2424 1693 2479 τὰ
1732 2431 1867 2495 ΑΗ,

75 2530 133 2574 25
165 2516 298 2581 ΗΒ,
341 2508 371 2565 ὁ
411 2509 473 2565 δὲ
514 2517 632 2566 ΔΕ
667 2513 746 2576 εἰς
783 2512 849 2565 τὰ
888 2514 989 2567 τοῦ
1030 2518 1074 2567 Ζ
1114 2513 1251 2584 μέρη
1292 2510 1360 2567 τὰ
1390 2519 1517 2583 ΔΘ,
1550 2519 1674 2570 ΘΕ·
1716 2519 1870 2570 ἔσται

288 2665 328 2704 2.
363 2660 458 2704 ΕΘ
520 2671 635 2703 corr.
671 2672 727 2702 ex
759 2661 845 2702 EZ
876 2674 936 2703 m.
974 2666 996 2704 1
1029 2659 1079 2705 F.
1230 2666 1272 2705 4.
1306 2655 1448 2718 ωστε]
1493 2677 1560 2706 -τε
1602 2662 1651 2706 in
1688 2676 1780 2709 ras.
1811 2662 1867 2709 V.

171 2725 212 2765 7.
246 2717 329 2777 δέ]
364 2715 424 2775 δή
498 2754 507 2762 .
665 2722 733 2762 12.
766 2710 823 2776 ᾖ]
856 2719 914 2773 Ρ;
948 2733 1037 2764 om.
1070 2719 1262 2792 BFVp.
1418 2725 1486 2765 13.
1519 2719 1643 2766 Ante
1683 2717 1715 2777 ἤ
1756 2721 1806 2766 in
1836 2737 1867 2779 Ρ

171 2778 263 2822 del.
302 2735 424 2822 παιζη
553 2774 719 2836 μέρος]
762 2791 878 2822 corr.
918 2792 976 2823 ex
1022 2777 1140 2835 μέρη
1178 2794 1224 2837 p.
1378 2784 1446 2823 14.
1482 2777 1612 2824 ἔσται
1650 2779 1767 2838 μρηέ

169 2835 622 2969 }2‘;'0]12]m‹p‚25⁶{m?
666 2841 774 2939 Rffi
815 2837 927 2941 ΑΙξ]
951 2838 1091 2942 Ιξᾊῗ
1129 2842 1166 2942 Ξ
1207 2838 1355 2941 ei:adBd
1360 2838 1620 2942 ‘dffiassvl’itfi
1650 2797 1779 2943 ἓξὲξ
1811 2781 1869 2943 Xe:

171 2953 245 3011 (δέ
275 2971 335 2999 m.
371 2960 397 3000 2
429 2955 490 3010 F3
531 2949 735 2999 ἐλάττων
773 2954 827 2999 δὲ
870 2953 984 3000 ἔστω
1025 2955 1083 3012 Β)
1103 2914 1141 3000 ‘6
1163 2914 1257 3000 ίΞῚΒ
1288 2973 1372 3001 του
1407 2961 1448 3000 A
1458 2959 1499 3001 E
1564 2953 1747 3003 λασσων
1787 2959 1864 3015 (m.
