1988 3152
203 154 312 208 302
834 156 1171 198 ΣΤοΙΧΕΙΩΝ
1200 152 1269 211 η’.

200 273 340 346 πρὸς
383 273 485 329 τὸν
524 279 593 329 Κ.
661 272 855 344 πάλιν,
904 273 1019 328 ἐπεὶ
1060 272 1315 346 ἑκάτερος
1351 277 1466 330 τῶν
1507 280 1586 344 A,
1621 280 1665 328 Ζ
1704 272 1804 329 τὸν
1844 279 1892 328 Θ

201 361 689 427 πολλαπλασιάσας
728 360 992 434 ἑκάτερον
1030 364 1143 417 τῶν
1182 367 1255 432 Κ,
1287 368 1339 417 A
1377 368 1699 432 πεποίηκεν,
1739 365 1890 416 ἔστιν

201 448 312 520 ἄρα
359 447 432 515 ὡς
479 449 509 505 6
551 457 607 505 A
645 448 785 522 πρὸς
822 448 922 505 τὸν
970 456 1041 520 Ζ,
1090 448 1268 516 οὕτως
1315 448 1342 506 6
1394 456 1452 505 Κ
1494 448 1634 522 πρὸς
1677 449 1780 505 τὸν
1826 456 1890 504 Λ.

202 535 324 592 ἀλλ’
377 535 452 603 ὡς
498 535 527 593 6
570 545 625 592 A
662 536 803 609 πρὸς
846 538 947 594 τὸν
987 545 1059 608 Ζ,
1107 537 1283 604 οὕτως
1329 537 1359 594 6
1399 546 1454 594 A
1497 537 1638 610 πρὸς
1674 537 1775 594 τὸν
1814 545 1891 594 Κ·

147 638 173 678 5
205 626 298 680 καὶ
345 623 420 691 ὡς
465 624 575 698 ἄρα
623 624 652 682 6
695 635 745 681 A
782 625 920 698 πρὸς
958 626 1057 683 τὸν
1096 632 1176 697 Κ,
1225 625 1400 692 οὕτως
1441 625 1470 683 6
1511 633 1567 682 Κ
1611 626 1748 698 πρὸς
1792 626 1892 682 τὸν

203 720 269 769 Λ.
346 718 427 769 ἔτι
466 715 582 770 ἐπεὶ
622 713 651 770 6
696 721 740 769 Ζ
780 714 1044 784 ἑκάτερον
1075 719 1188 771 τῶν
1220 722 1285 785 Θ,
1315 721 1382 770 Η
1405 716 1893 781 πολλαπλασιάσας

203 803 464 874 ἑκάτερον
514 806 628 858 τῶν
675 809 750 871 A,
791 809 839 858 Β
892 809 1217 874 πεποίηκεν,
1273 807 1422 859 ἔστιν
1477 802 1585 875 ἄρα
1641 802 1715 869 ὡς
1769 802 1798 859 6
1846 810 1893 859 Θ

99 963 114 968 ἢ
201 890 342 964 πρὸς
386 890 488 947 τὸν
538 896 620 962 Η,
669 892 845 957 οὕτως
893 889 922 948 6
965 898 1017 946 A
1062 891 1201 964 πρὸς
1245 891 1346 948 τὸν
1394 897 1456 947 Β.
1534 889 1610 958 ὥς
1658 893 1719 948 δὲ
1766 892 1796 948 6
1846 898 1894 948 Θ

202 979 340 1052 πρὸς
383 980 486 1036 τὸν
537 986 619 1049 Η,
677 979 854 1045 οὕτως
902 977 932 1036 6
983 987 1038 1035 A
1083 980 1222 1051 πρὸς
1264 980 1367 1037 τὸν
1415 987 1481 1036 Ζ·
1528 982 1621 1036 καὶ
1670 979 1743 1046 ὡς
1782 982 1894 1052 ἄρα

115 1082 170 1122 10
204 1066 233 1125 6
277 1076 332 1124 A
369 1067 510 1141 πρὸς
547 1068 649 1124 τὸν
691 1075 759 1137 Ζ,
807 1067 983 1135 οὕτως
1021 1092 1051 1125 ο
1101 1075 1153 1124 Λ
1198 1067 1336 1142 πρὸς
1381 1067 1480 1125 τὸν
1526 1075 1587 1125 Β.
1666 1072 1891 1141 ἐδείχθη

203 1157 266 1214 δὲ
302 1158 395 1213 καὶ
436 1157 511 1222 ὡς
550 1155 579 1213 6
623 1165 677 1212 A
715 1157 853 1230 πρὸς
890 1156 992 1213 τὸν
1033 1163 1101 1227 Ζ,
1141 1156 1320 1223 οὕτως
1360 1157 1391 1214 ὅ
1429 1180 1487 1214 τε
1527 1166 1581 1213 A
1618 1158 1758 1230 πρὸς
1788 1157 1890 1214 τὸν

200 1251 258 1301 Κ
298 1247 390 1301 καὶ
431 1246 461 1302 6
503 1253 560 1302 Κ
595 1245 735 1317 πρὸς
780 1246 881 1302 τὸν
930 1252 1002 1301 A·
1052 1247 1145 1301 καὶ
1186 1247 1261 1313 ὡς
1299 1246 1410 1318 ἄρα
1450 1247 1479 1303 6
1522 1254 1574 1302 A
1612 1246 1752 1319 πρὸς
1789 1246 1892 1302 τὸν

203 1340 273 1405 Κ,
315 1335 492 1400 οὕτως
531 1334 560 1391 6
603 1341 659 1390 Κ
695 1334 834 1406 πρὸς
873 1333 971 1390 τὸν
1011 1340 1062 1389 Λ
1100 1336 1194 1390 καὶ
1235 1335 1264 1391 6
1307 1342 1358 1390 A
1395 1334 1534 1406 πρὸς
1572 1333 1672 1391 τὸν
1704 1341 1765 1392 Β.
1839 1337 1898 1390 οἱ

203 1431 273 1493 Α,
306 1428 379 1493 Κ,
414 1428 483 1493 Λ,
516 1428 563 1478 Β
595 1421 705 1495 ἄρα
735 1421 873 1478 κατὰ
904 1420 968 1478 τὸ
1002 1423 1227 1495 συνεχὲς
1258 1424 1381 1495 ἑξῆς
1413 1428 1556 1479 εἰσιν
1596 1422 1894 1494 ἀνάλογον.

117 1525 171 1565 15
205 1511 330 1567 ὅσοι
370 1510 479 1583 ἄρα
519 1512 783 1583 ἑκατέρου
820 1515 934 1567 τῶν
974 1520 1044 1581 A,
1076 1518 1124 1567 Β
1161 1513 1254 1568 καὶ
1292 1515 1389 1583 τῆς
1428 1518 1481 1568 Γ
1520 1512 1768 1583 μονάδος
1807 1534 1896 1583 με-

200 1598 335 1666 ταξὺ
374 1597 511 1654 κατὰ
551 1598 613 1655 τὸ
657 1599 885 1671 συνεχὲς
923 1597 1209 1671 ἀνάλογον
1242 1603 1606 1672 ἐμπίπτουσιν
1640 1600 1894 1673 ἀριθμοί,

202 1691 464 1744 τοσοῦτοι
518 1687 610 1742 καὶ
650 1690 729 1753 είς
766 1687 900 1754 τοὺς
938 1696 1016 1758 Α,
1050 1694 1098 1743 Β
1137 1687 1339 1760 μεταξὺ
1378 1687 1516 1743 κατὰ
1555 1687 1618 1744 τὸ
1669 1689 1895 1760 συνεχὲς

204 1778 595 1847 ἐμπεσοῦνται·
637 1775 774 1847 ὅπερ
816 1779 929 1831 ἔδει
969 1779 1160 1843 δεῖξαι.

999 1946 1056 1979 ια
1083 1967 1094 1979 .

116 2029 174 2069 20
320 2011 462 2068 Δύο
511 2011 943 2084 τετραγώνων
990 2014 1296 2084 ἀριθμῶν
1344 2007 1436 2079 εἷς
1489 2013 1682 2083 μέσος
1737 2011 1894 2069 ἀνά-

205 2099 408 2171 λογόν
456 2103 634 2156 ἐστιν
682 2099 996 2173 ἀριθμός,
1047 2101 1154 2156 καὶ
1203 2101 1232 2158 6
1285 2103 1697 2174 τετράγωνος
1734 2100 1896 2173 πρὸς

204 2186 319 2244 τὸν
366 2188 787 2260 τετράγωνον
844 2193 1243 2246 διπλασίονα
1297 2189 1498 2261 λόγον
1546 2194 1676 2261 ἔχει
1732 2189 1893 2262 ἤπερ

205 2276 238 2348 ἡ
279 2277 528 2349 πλευρὰ
569 2276 730 2349 πρὸς
768 2276 886 2349 τὴν
923 2278 1233 2349 πλευράν.

302 2365 594 2422 ’Ἑστωσαν
644 2365 981 2438 τετράγωνοι
1028 2365 1264 2440 ἀριθμοὶ
1313 2370 1371 2423 οἱ
1412 2375 1490 2438 A,
1523 2373 1597 2437 Β,
1651 2368 1743 2422 καὶ
1791 2371 1894 2423 τοῦ

115 2475 172 2515 25
205 2453 306 2526 μὲν
354 2462 408 2509 A
451 2453 661 2525 πλευρὰ
710 2459 847 2510 ε”στω
898 2452 927 2510 6
968 2460 1040 2525 Γ,
1080 2458 1184 2510 τοῦ
1226 2454 1288 2510 δὲ
1326 2461 1374 2509 Β
1415 2451 1444 2510 6
1487 2461 1564 2509 A·
1609 2458 1767 2526 λέγω,
1810 2456 1894 2512 ὅτι

204 2547 318 2598 τῶν
358 2550 435 2612 A,
469 2549 516 2597 Β
557 2538 635 2608 εἷς
674 2545 840 2614 μέσος
877 2542 1164 2614 ἀνάλογόν
1205 2545 1354 2599 ἐστιν
1401 2540 1671 2614 ἀριθμός,
1721 2544 1816 2599 καὶ
1863 2567 1893 2600 ο

205 2638 259 2686 Α
295 2630 435 2702 πρὸς
473 2630 574 2686 τὸν
613 2637 661 2685 Β
701 2636 1035 2688 διπλασίονα
1073 2631 1246 2703 λόγον
1287 2636 1395 2703 ἔχει
1433 2630 1573 2703 ἥπερ
1609 2630 1637 2687 6
1671 2637 1724 2687 Γ
1755 2631 1895 2705 πρὸς

203 2718 303 2776 τὸν
343 2726 412 2775 A.

327 2872 365 2912 1.
399 2868 480 2910 καὶ
512 2864 677 2922 πάλιν,
710 2868 866 2913 deleto
898 2870 986 2913 καί
1011 2869 1063 2913 P.
1202 2874 1263 2924 A,
1298 2869 1360 2927 Z]
1395 2871 1450 2923 Z,
1485 2872 1527 2912 A
1557 2868 1608 2911 B.
1673 2874 1714 2913 3.
1748 2869 1813 2927 Z]
1845 2869 1895 2912 in

206 2941 297 2972 ras.
341 2943 390 2982 φ.
517 2931 584 2970 10.
622 2923 819 2983 ἐδείχθη
859 2927 940 2986 δέ]
982 2943 1076 2985 mg.
1117 2944 1168 2984 φ.
1292 2933 1360 2972 12.
1394 2926 1474 2971 καὶ
1513 2923 1575 2979 ὡς
1612 2924 1709 2984 ἄρα
1732 2954 1790 2961 -
1817 2933 1890 2972 13:
