1988 3152
221 103 330 156 352
845 103 1183 145 ΣΤοΙΧΕῙῼΝ
1213 98 1288 147 θ’.
1432 78 1461 135 ‘e

221 221 485 292 πάντες,
535 219 563 277 5
606 221 676 276 δὲ
715 223 1002 291 ἕβδομος
1040 220 1241 291 κύβος
1279 221 1408 292 ἅμα
1445 223 1551 277 καὶ
1591 222 1915 293 τετράγω-

221 332 343 375 νος
380 311 487 365 καὶ
527 312 591 365 οἱ
626 311 816 365 πέντε
857 312 1330 373 διαλείποντες.

320 398 610 455 ’Ἑστωσαν
673 395 783 453 ἀπὸ
846 398 1092 468 μονάδος
1147 394 1453 453 ὁποσοιοῦν
1508 396 1743 470 ἀριθμοὶ
1798 399 1920 470 ἑξῆς

225 486 512 557 ἀνάλογον
560 488 619 542 οἱ
661 493 742 557 Α,
782 492 855 556 Β,
895 490 964 555 Γ,
1006 491 1085 556 Δ,
1118 492 1193 556 Ε,
1228 491 1293 540 Ζ·
1358 487 1526 557 λέγω,
1575 486 1661 541 {fu
1723 485 1752 542 5
1815 486 1917 558 μὲν
1977 486 1988 522 1

174 589 199 629 5
232 580 416 647 τρίτος
477 572 585 630 ἀπὸ
640 578 738 645 τῆς
792 573 1040 646 μονάδος
1093 572 1122 630 5
1172 580 1218 629 Β
1272 574 1619 646 τετράγωνός
1670 577 1782 630 ἐστι
1828 575 1921 630 καὶ
1980 579 1988 625 ἶ

229 666 286 718 οἱ
331 664 430 718 ἕνα
478 666 854 728 διαλείποντες
891 662 1117 732 πάντες,
1170 660 1200 718 5
1243 663 1305 718 δὲ
1351 663 1606 735 τέταρτος
1654 661 1684 719 5
1734 669 1787 718 Γ
1824 663 1921 719 κύ-
1983 689 1986 695 ·

228 757 328 822 βος
373 751 466 806 καὶ
514 753 571 806 οἱ
607 751 712 807 δύο
770 754 1146 815 διαλείποντες
1198 751 1427 821 πάντες,
1483 748 1513 806 5
1570 750 1631 815 δὲ
1687 751 1923 822 ἕβδομος

231 837 260 895 5
303 846 348 894 Ζ
393 839 565 910 κύβος
603 837 716 911 ἅμα
755 839 847 894 καὶ
892 841 1238 911 τετράγωνος
1277 839 1369 894 καὶ
1417 841 1475 895 οἰ
1509 840 1670 894 πέντε
1719 843 1919 895 διαλεί-

237 948 435 994 ποντες
472 928 688 994 πάντες.

84 1043 88 1047 ·
141 1032 195 1072 10
337 1015 486 1073 Ἐπεὶ
523 1018 631 1088 γάρ
674 1019 823 1073 ἐστιν
864 1014 939 1082 ὡς
976 1014 1010 1087 ἡ
1051 1019 1227 1088 μονὰς
1264 1014 1402 1088 πρὸς
1440 1015 1540 1071 τὸν
1572 1024 1642 1087 Α,
1684 1015 1861 1081 οὕτως
1894 1015 1924 1072 5
1984 1010 1988 1011 ⁷

233 1113 287 1161 A
333 1103 472 1178 πρὸς
518 1103 617 1162 τὸν
658 1112 731 1175 Β,
781 1104 961 1171 ἰσάκις
1007 1104 1115 1177 ἄρα
1154 1102 1188 1175 ἡ
1230 1105 1406 1176 μονὰς
1443 1107 1543 1161 τὸν
1583 1113 1635 1160 Α
1675 1103 1925 1177 ἀριθμὸν

232 1205 422 1266 μετρεῖ
463 1195 555 1250 καὶ
604 1192 633 1250 5
674 1202 727 1249 A
772 1216 872 1249 τον
911 1200 976 1249 Β.
1050 1191 1084 1264 ἡ
1134 1193 1196 1249 δὲ
1235 1192 1409 1265 μονὰς
1446 1195 1547 1249 τὸν
1587 1202 1639 1249 Α
1679 1192 1926 1266 ἀριθμὸν

237 1294 426 1355 μετρεῖ
460 1282 598 1339 κατὰ
636 1283 733 1348 τὰς
772 1284 832 1338 ἐν
872 1281 1022 1359 αὐτῷ
1063 1282 1335 1354 μονάδας·
1398 1283 1489 1338 καὶ
1530 1280 1559 1338 5
1594 1291 1647 1338 A
1687 1282 1797 1355 ἄρα
1827 1282 1928 1339 τὸν

236 1377 283 1426 Β
323 1383 511 1443 μετρεῖ
544 1371 681 1427 κατὰ
721 1370 817 1436 τὰς
856 1373 917 1426 ἐν
956 1375 1031 1447 τῷ
1072 1380 1126 1426 Α
1164 1372 1428 1443 μονάδας.
1492 1369 1522 1427 5
1563 1380 1616 1427 A
1656 1369 1765 1443 ἄρα
1804 1373 1930 1428 ἑαυ-

149 1471 203 1514 15
237 1458 337 1516 τὸν
398 1460 885 1525 πολλαπλασιάσας
944 1459 1042 1516 τὸν
1097 1467 1143 1516 Β
1198 1467 1518 1532 πεποίηκεν·
1580 1461 1928 1533 τετράγωνος

235 1548 345 1620 ἄρα
394 1549 544 1604 ἐστὶν
585 1546 613 1604 5
656 1555 719 1603 Β.
795 1549 887 1603 καὶ
927 1550 1042 1604 ἐπεὶ
1082 1552 1141 1604 οἰ
1176 1556 1243 1619 Β,
1282 1555 1346 1620 Γ,
1389 1557 1443 1605 Δ
1483 1550 1605 1620 ἑξῆς
1644 1547 1930 1619 ἀνάλογόν

235 1641 405 1707 εἰσιν,
447 1635 471 1694 ‹‘
520 1637 582 1693 δὲ
620 1644 666 1693 Β
706 1637 1053 1709 τετράγωνός
1092 1640 1261 1709 ἐστιν,
1299 1638 1392 1693 καὶ
1433 1636 1462 1694 5
1503 1645 1559 1694 A
1598 1637 1707 1706 ἄρα
1745 1638 1930 1710 τετρά-

238 1725 421 1798 γωνός
472 1729 636 1782 ἐστιν.
714 1730 807 1781 δια
858 1725 924 1780 τὰ
976 1723 1115 1782 αὐτὰ
1164 1730 1233 1797 δη
1281 1726 1374 1782 καὶ
1422 1724 1452 1783 5
1496 1733 1541 1782 Ζ
1587 1725 1932 1798 τετράγωνός

247 1817 411 1871 ἐστιν.
475 1811 681 1886 ὁμοίως
713 1813 782 1885 δὴ
817 1817 1089 1886 δείξομεν,
1115 1813 1200 1870 ὅτι
1224 1815 1317 1870 καὶ
1343 1817 1402 1870 οἱ
1423 1816 1522 1870 ἕνα
1555 1820 1930 1880 διαλείποντες

161 1922 218 1964 20
253 1902 453 1969 πάντες
487 1902 832 1975 τετράγωνοί
859 1906 1016 1958 εἰσιν.
1079 1903 1220 1972 λέγω
1255 1902 1344 1974 δή,
1382 1903 1465 1958 ὅτι
1496 1904 1588 1958 καὶ
1622 1901 1651 1960 5
1677 1905 1932 1973 τέταρτος

235 1990 346 2048 ἀπὸ
394 1995 501 2065 τῆς1
539 1990 784 2063 μονάδος
836 1988 864 2046 5
907 1996 960 2046 Γ
990 1991 1161 2061 κύβος
1202 1992 1317 2047 ἐστὶ
1355 1992 1447 2047 καὶ
1489 1994 1546 2047 οἱ
1584 1991 1689 2047 δύο
1731 1996 1934 2048 διαλεί-

239 2101 438 2146 ποντες
475 2079 693 2145 πάντες.
764 2079 878 2136 ἐπεὶ
918 2080 1024 2151 γάρ
1066 2082 1216 2136 ἐστιν
1257 2077 1332 2144 ὡς
1369 2077 1403 2151 ἡ
1444 2079 1621 2151 μονὰς
1660 2078 1798 2151 πρὸς
1832 2080 1932 2136 τὸν

237 2177 317 2241 Α,
367 2170 544 2234 οὕτως
592 2166 620 2224 5
663 2175 710 2224 Β
750 2167 889 2240 πρὸς
926 2168 1027 2223 τὸν
1067 2173 1131 2238 Γ,
1179 2166 1359 2234 ἰσάκις
1399 2167 1507 2238 ἄρα
1545 2167 1579 2240 ἡ
1621 2168 1795 2240 μονὰς
1831 2167 1931 2224 τὸν

238 2266 291 2314 A
331 2256 582 2331 ἀριθμὸν
620 2267 808 2330 μετρεῖ
841 2257 934 2311 καὶ
975 2254 1004 2312 5
1046 2263 1093 2312 Β
1131 2255 1232 2311 τὸν
1263 2261 1322 2312 Γ.
1375 2254 1410 2327 ἡ
1447 2256 1508 2311 δὲ
1539 2256 1716 2328 μονὰς
1746 2255 1847 2313 τὸν
1880 2265 1933 2312 Α

153 2364 211 2405 25
243 2344 492 2419 ἀριθμὸν
530 2357 719 2418 μετρεῖ
753 2345 891 2401 κατὰ
931 2344 1028 2411 τὰς
1068 2348 1127 2401 ἐν
1167 2348 1242 2420 τῷ
1278 2353 1330 2400 Α
1368 2344 1641 2416 μονάδας·
1697 2344 1851 2402 καίὶὸ
1886 2353 1933 2402 Β

364 2530 403 2570 1.
434 2521 629 2580 πάντες]
678 2538 769 2568 om.
818 2523 966 2578 Bch.
1120 2528 1161 2567 2.
1202 2523 1527 2574 διαλείποντες
1565 2520 1742 2574 πάντες
1781 2522 1933 2579 Bth.

242 2588 285 2627 4.
319 2578 412 2655 οτι]
446 2597 535 2628 om.
568 2583 671 2639 ch
774 2588 813 2627 6.
846 2579 1040 2655 πάντες]
1076 2597 1166 2627 om.
1199 2581 1333 2638 Bqu
1473 2587 1513 2626 7.
1545 2579 1738 2640 πάντες]
1766 2596 1856 2626 0111.
1883 2599 1934 2638 φ.

244 2647 284 2687 9.
331 2658 539 2693 απαντες
576 2642 677 2697 Vq).
834 2647 902 2685 12.
943 2638 1172 2701 ἀριθμόν]
1218 2640 1497 2696 0111.ΒῖῙφ.
1654 2646 1721 2686 14.
1763 2642 1825 2701 τῷ
1867 2641 1933 2699 Α]

242 2697 372 2761 αὐτῷ
412 2717 462 2757 φ.
616 2705 684 2746 15.
724 2702 953 2757 πεποίηκε
995 2701 1037 2745 V
1084 2703 1132 2745 eis
1175 2717 1250 2745 -κε
1297 2700 1345 2743 in
1390 2714 1484 2743 rasr
1521 2717 1570 2756 φ.
1728 2705 1795 2744 17.
1838 2695 1935 2744 ἐστι

242 2747 391 2830 Pth.
530 2765 598 2805 18.
634 2756 730 2804 ἐστι
759 2759 814 2803 V.
959 2757 1042 2804 διὰ
1073 2756 1131 2804 τά
1159 2787 1212 2792 -
1239 2764 1318 2804 19.
1364 2756 1509 2816 ἐστιν]
1543 2773 1631 2804 0111.
1666 2776 1715 2815 φ.
1861 2763 1933 2804 20.

243 2815 446 2890 πάντες]
489 2832 577 2864 om.
622 2819 768 2875 Bch.
835 2818 924 2863 εἰσι
955 2819 1056 2875 Vq).
1202 2823 1273 2862 21.
1316 2813 1439 2862 ἐστίν
1470 2819 1522 2863 Ρ.
1667 2822 1738 2863 25.
1771 2818 1833 2876 τῷ
1867 2817 1932 2876 Α]

245 2873 376 2938 αὐτῷ
412 2894 461 2934 φ.
