1988 3152
198 95 309 148 328
820 98 1156 140 mommsen
1186 95 1252 153 η’.

199 213 455 279 ἐπίπεδός
495 216 633 279 ἐστι,
682 214 915 286 πλευραὶ
962 214 1024 269 δὲ
1064 211 1238 270 αὐτοῦ
1285 219 1427 271 εἰσιν
1475 219 1533 271 οἶ
1573 223 1648 287 Ε,
1681 222 1752 272 Η.
1827 218 1886 272 οἶ

195 309 267 372 Α,
299 309 346 357 Β
386 301 497 375 ἄρα
538 304 791 358 ἐπίπεδοί
824 305 968 357 εἰσιν
1007 301 1258 375 ἀριθμοί.
1334 305 1473 374 λέγω
1517 304 1613 376 δή,
1662 305 1742 361 ὅτι
1782 304 1881 359 καὶ

199 388 398 462 ὅμοιοι.
461 390 575 446 ἐπεὶ
614 389 722 463 γὰρ
763 389 792 446 6
830 396 875 445 Ζ
912 389 1011 446 τὸν
1042 391 1144 463 μὲν
1178 398 1234 446 A
1263 392 1747 457 πολλαπλασιάσας
1777 391 1878 446 τὸν

196 485 251 533 A
296 482 618 549 πεποίηκεν,
663 477 764 535 τὸν
812 479 874 535 δὲ
919 485 973 533 Ε
1021 481 1508 546 πολλαπλασιάσας
1552 480 1652 536 τὸν
1699 484 1749 535 Γ
1786 500 1878 534 πε-

137 579 163 619 5
196 570 450 637 ποίηκεν,
505 570 654 622 ἔστιν
708 566 818 638 ἄρα
865 568 1014 633 ὡςὸ
1071 576 1122 624 A
1168 567 1307 642 πρὸς
1351 568 1452 624 τὸν
1499 575 1573 640 Ε,
1627 567 1803 634 οὕτως
1850 590 1880 622 ο

194 661 250 709 A
294 653 433 727 πρὸς
477 654 578 710 τὸν
624 660 694 725 Γ,
740 657 1024 712 τουτέστιν
1073 657 1101 712 6
1151 663 1205 712 Γ
1242 657 1382 729 πρὸς
1419 658 1520 712 τὸν
1560 663 1621 713 Β.
1695 657 1883 727 πάλιν,

196 743 311 797 ἐπεὶ
360 743 388 798 6
439 748 491 798 E
535 743 799 817 ἑκάτερον
844 748 958 800 τῶν
1007 752 1079 816 Ζ,
1112 751 1178 800 Η
1215 746 1705 811 πολλαπλασιάσας
1749 746 1885 810 τοὺς

196 835 259 902 Γ,
298 836 346 886 Β
385 838 710 902 πεποίηκεν,
750 836 900 888 ἔστιν
938 831 1046 905 ἄρα
1087 834 1162 899 ὥς
1202 857 1229 889 ο
1275 841 1318 888 Ζ
1357 834 1496 907 πρὸς
1533 834 1633 890 τὸν
1671 839 1746 904 Η,
1789 832 1881 889 οῧ-

194 941 300 984 τως
332 918 361 975 6
405 917 621 991 Γπρὸς
657 918 759 975 τὸν
798 926 860 975 Β.
922 920 998 986 ὡς
1036 921 1098 977 δὲ
1138 921 1166 977 6
1210 926 1264 977 Γ
1293 922 1432 995 πρὸς
1469 922 1569 979 τὸν
1602 928 1666 993 Β,
1709 921 1887 987 οὕτως

108 1021 164 1062 10
195 1007 224 1064 6
270 1014 325 1062 A
362 1007 503 1079 πρὸς
539 1006 640 1063 τὸν
679 1013 749 1062 Ε·
796 1008 888 1063 καὶ
929 1009 1004 1075 ὥς
1043 1009 1153 1079 ἄρα
1193 1010 1222 1066 6
1266 1018 1320 1065 A
1356 1011 1496 1083 πρὸς
1533 1011 1637 1068 τὸν
1679 1018 1752 1082 Ε,
1794 1009 1886 1066 οὕ-

193 1119 300 1162 τως
354 1096 383 1151 6
436 1101 480 1150 Z
526 1095 666 1167 πρὸς
710 1095 810 1152 τὸν
856 1102 926 1153 Η.
1002 1100 1094 1153 καὶ
1143 1098 1375 1176 ἐναλλὰξ
1428 1100 1502 1166 ὡς
1557 1123 1585 1156 ο
1639 1107 1692 1154 A
1745 1097 1885 1169 πρὸς

193 1184 294 1241 τὸν
335 1190 398 1256 Ζ,
439 1182 615 1250 οὕτως
643 1184 683 1247 ,ὁ
727 1191 780 1240 Ε
814 1185 954 1255 πρὸς
990 1185 1091 1243 τὸν
1129 1193 1200 1243 Η.
1263 1193 1315 1244 οἱ
1356 1195 1427 1258 A,
1459 1194 1505 1244 Β
1546 1187 1654 1261 ἄρα
1694 1187 1880 1258 ὅμοιοι

196 1275 444 1329 ἐπίπεδοι
491 1269 733 1345 ἀριθμοί
775 1276 942 1328 εἰσιν·
990 1278 1052 1329 αἱ
1095 1274 1201 1347 γὰρ
1248 1277 1480 1348 πλευραὶ
1521 1274 1707 1331 αὐτῶν
1747 1272 1880 1329 ἀνά-

196 1360 372 1433 λογόν
411 1364 574 1416 εἰσιν·
617 1360 750 1432 ὅπερ
792 1363 906 1415 ἔδει
947 1364 1139 1430 δεῖξαι.

109 1543 164 1584 15
992 1546 1062 1579 κα
1091 1568 1101 1579 .

302 1623 448 1681 Ἐὰν
489 1626 608 1682 δύο
649 1624 957 1698 ἀριθμῶν
997 1627 1116 1683 δύο
1165 1630 1351 1699 μέσοι
1398 1627 1736 1698 ἀνάλογον
1784 1628 1887 1697 έμ-

194 1719 523 1771 πίπτωσιν
585 1713 891 1787 ἀριθμοί,
963 1714 1188 1787 ὅμοιοι
1252 1721 1516 1788 στερεοί
1580 1719 1752 1772 εἰσιν
1824 1717 1891 1772 οἱ

195 1801 491 1875 ἀριθμοί.

308 1891 433 1947 Δύο
473 1890 584 1964 γὰρ
625 1889 888 1963 ἀριθμῶν
919 1895 1031 1947 τῶν
1070 1899 1142 1963 A,
1175 1899 1221 1947 Β
1263 1892 1366 1948 δύο
1407 1893 1564 1964 μέσοι
1597 1889 1882 1962 ἀνάλογον

108 1999 167 2041 20
202 1980 615 2051 ἐμπιπτέτωσαν
663 1976 894 2051 ἀριθμοὶ
944 1982 1001 2035 oc
1046 1985 1116 2050 Γ,
1151 1986 1226 2034 A·
1273 1981 1439 2051 λέγω,
1489 1979 1574 2036 ὅτι
1626 1984 1684 2036 οῖ
1727 1987 1804 2049 A,
1839 1985 1887 2034 Β

197 2066 385 2140 ὅμοιοι
424 2072 647 2139 στερεοί
682 2071 839 2123 εἰσιν.

308 2155 697 2227 Εἰλήφθωσαν
743 2154 848 2228 γὰρ
889 2155 1164 2227 ἐλάχιστοι
1203 2154 1439 2229 ἀριθμοὶ
1477 2160 1590 2213 τῶν
1641 2156 1741 2213 τὸν
1789 2155 1886 2212 αὐ-

195 2243 294 2300 τὸν
342 2243 514 2315 λόγον
564 2243 808 2315 ἐχόντων
853 2256 970 2310 τοῖς
1008 2251 1085 2316 A,
1118 2250 1186 2314 Γ,
1220 2252 1276 2300 A
1313 2256 1458 2318 τρεῖς
1498 2248 1556 2302 οἱ
1593 2252 1666 2316 Ε,
1699 2252 1767 2315 Ζ,
1799 2252 1882 2302 Η·

196 2334 255 2387 oc
291 2330 399 2404 ἄρα
437 2330 601 2403 ἄκροι
648 2330 836 2388 αὐτῶν
876 2335 933 2388 οἱ
967 2339 1042 2404 Ε,
1073 2339 1139 2388 Η
1169 2342 1377 2407 πρῶτοι
1423 2333 1562 2405 πρὸς
1607 2331 1882 2405 ἀλλήλους

107 2440 163 2483 25
200 2423 357 2476 εἰσίν.
434 2420 524 2474 καὶ
582 2421 697 2476 ἐπεὶ
747 2425 860 2477 τῶν
906 2427 980 2491 Ε,
1013 2428 1078 2477 Η
1117 2417 1195 2487 εἷς
1248 2423 1414 2493 μέσος
1460 2420 1744 2493 ἀνάλογον
1792 2424 1882 2493 έμ-

194 2509 477 2565 πέπτωκεν
516 2506 763 2581 ἀριθμὸς
802 2509 830 2564 6
875 2515 945 2578 Z,
987 2512 1045 2565 οἱ
1081 2517 1146 2579 Ε,
1178 2515 1243 2565 H
1271 2509 1382 2583 ἄρα
1420 2508 1656 2583 ἀριθμοὶ
1690 2508 1875 2582 ὅμοιοι

316 2647 355 2686 1.
389 2638 638 2700 ἐπίπεδος]
671 2642 719 2686 in
750 2655 839 2686 ras.
870 2659 919 2698 φ.
1041 2648 1081 2688 3.
1118 2639 1220 2688 ἐπεὶ
1243 2640 1333 2700 γάρ
1359 2669 1414 2674 -
1439 2647 1487 2686 4:
1524 2646 1567 2687 Γ
1595 2643 1878 2701 πεποίηκεν]

195 2701 286 2745 del.
316 2701 376 2754 B;
411 2695 513 2745 ἐπεὶ
551 2697 642 2756 γὰρ
676 2697 900 2758 ἑκάτερον
934 2703 1010 2758 (ex
1042 2699 1264 2759 ἑκάτερος
1295 2702 1354 2759 V)
1386 2702 1478 2746 τῶν
1510 2707 1572 2757 A,
1607 2705 1647 2746 E
1679 2698 1704 2745 6
1738 2705 1773 2745 Ζ
1804 2703 1882 2758 (A,

191 2763 228 2803 E
252 2755 276 2804 6
304 2761 340 2803 Ζ
361 2758 413 2803 in
434 2772 523 2804 ras.
548 2758 608 2815 V)
639 2759 1047 2812 πολλαπλασιάσας
1080 2757 1304 2818 ἑκάτερον
1335 2761 1429 2805 τῶν
1461 2765 1511 2816 Α,
1547 2764 1590 2804 Γ
1609 2761 1675 2818 (in
1704 2774 1791 2806 ras.
1818 2761 1879 2817 V)

193 2820 454 2875 πεποίηκεν
486 2818 596 2874 th3
629 2813 731 2862 ἐπεὶ
761 2815 851 2875 γὰρ
886 2815 1107 2877 ἑκάτερος
1137 2821 1230 2864 τῶν
1262 2823 1318 2877 Ζ,
1354 2823 1404 2864 Η
1429 2817 1512 2864 τὸν
1543 2822 1585 2863 Ε
1616 2821 1881 2864 πολλαπλα-

199 2874 364 2929 σιάσας
397 2873 621 2934 ἑκάτερον
653 2877 746 2921 τῶν
779 2881 837 2933 Γ,
880 2881 916 2920 Β
948 2881 1210 2936 πεποίηκεν
1239 2894 1333 2936 mg.
1366 2879 1416 2923 Β.
1480 2880 1532 2922 In
1565 2879 1601 2922 P
1632 2893 1725 2935 mg.
1758 2893 1818 2922 m.
1854 2882 1877 2921 1
