1988 3152
260 91 372 145 400
897 95 1234 138 ΣΤΟΙΧΕΙΩΝ
1262 93 1336 139 θ’.

191 284 194 286 Ὺ
263 207 292 266 ὁ
335 215 390 266 Γ
420 210 681 283 περισσός
721 213 892 267 ἐστιν·
941 210 1133 283 ἄρτιος
1178 211 1289 284 ἄρα
1338 214 1489 269 ἐστὶν
1536 212 1563 270 (ῗ
1607 221 1668 274 Γ.
1747 214 1886 272 ὥστε
1927 214 1958 272 ὁ

173 1121 227 1161 10

174 1557 227 1598 15

170 2009 228 2050 20

260 306 316 353 A
361 297 462 354 τὸν
512 305 559 353 Β
615 311 803 373 μετρεῖ
853 298 1121 373 ἀρτιάκις.
1207 299 1300 356 διὰ
1366 299 1435 372 δὴ
1489 306 1655 359 τοῦτο
1711 303 1804 358 καὶ
1858 303 1959 359 τὸν

263 385 471 458 ἥμισυν
513 386 690 444 αὐτοῦ
730 388 1012 461 μετρήσει·
1054 387 1189 462 ὅπερ
1231 393 1343 445 ἔδει
1384 391 1574 457 δεῖξαι.

1054 550 1160 607 λα’.

371 651 518 708 Ἐὰν
566 653 882 727 περισσὸς
928 649 1217 727 ἀριθμὸς
1263 656 1424 727 πρός
1469 678 1622 711 τινα
1662 654 1960 728 ἀριθμὸν

258 744 511 812 πρῶτος
541 735 604 815 ᾗ,
644 742 751 797 καὶ
783 741 942 815 πρὸς
973 742 1086 798 τὸν
1121 746 1521 799 διπλασίονα
1555 741 1757 800 αὐτοῦ
1790 749 1960 817 πρῶ·

258 851 366 895 τος
406 834 603 886 ἔσται.

370 918 652 992 Περισσὸς
705 919 812 992 γὰρ
870 918 1113 993 ἀριθμὸς
1164 919 1193 976 ὁ
1242 929 1295 976 A
1339 923 1479 993 πρός
1525 943 1649 977 τινα
1706 919 1958 995 ἀριθμὸν

261 1006 363 1063 τὸν
403 1014 450 1063 Β
489 1012 708 1079 πρῶτος
748 1013 910 1078 ἔστω,
953 1013 1054 1064 τοῦ
1095 1009 1158 1066 δὲ
1198 1016 1245 1065 Β
1286 1013 1595 1066 διπλασίων
1637 1014 1774 1066 ἔστω
1817 1009 1846 1066 ὁ
1890 1015 1956 1065 Γ·

259 1097 426 1168 λέγω,
469 1095 554 1153 ὅτι
595 1095 624 1154 ὁ
669 1106 720 1153 A
762 1099 898 1168 [καὶ]
939 1099 1079 1171 πρὸς
1116 1097 1217 1154 τὸν
1259 1103 1311 1154 Γ
1343 1098 1561 1170 πρῶτός
1601 1101 1766 1155 ἐστιν.

371 1189 445 1240 Εἰ
488 1184 596 1258 γὰρ
644 1187 718 1258 μή
760 1193 903 1242 εἰσιν
946 1189 1029 1256 [οἱ
1064 1193 1141 1256 Α,
1172 1190 1249 1256 Γ]
1297 1191 1533 1260 πρῶτοι,
1582 1187 1837 1261 μετρήσει
1878 1209 1960 1253 τις

259 1270 466 1339 αὐτοὺς
504 1271 762 1347 ἀριθμός.
840 1279 1128 1348 μετρείτω,
1168 1274 1261 1329 καὶ
1302 1279 1440 1331 ἔστω
1482 1274 1511 1331 ὁ
1554 1283 1622 1332 A.
1684 1281 1782 1331 καί
1810 1278 1959 1332 ἐστιν

260 1360 290 1417 ὁ
338 1369 392 1417 Α
444 1362 728 1435 περισσός·
783 1362 1045 1436 περισσὸς
1093 1362 1204 1435 ἄρα
1249 1364 1342 1418 καὶ
1391 1362 1420 1419 ὁ
1471 1371 1540 1420 A.
1616 1364 1709 1420 καὶ
1761 1364 1877 1420 ἐπεὶ
1930 1362 1959 1420 ὁ

261 1456 317 1504 A
354 1450 618 1523 περισσὸς
658 1447 738 1506 c3v
778 1450 879 1507 τὸν
921 1456 974 1507 Γ
1006 1463 1214 1525 μετρεῖ,
1261 1457 1360 1507 καί
1395 1453 1546 1508 ἐστιν
1587 1450 1615 1508 ὅ
1657 1458 1708 1508 Γ
1753 1452 1958 1525 ἄρτιος,

262 1539 355 1594 καὶ
401 1537 503 1595 τὸν
551 1539 760 1610 ἥμισυν
808 1538 918 1612 ἄρα
957 1543 1058 1595 τοῦ
1099 1545 1152 1595 Γ
1191 1539 1450 1612 μετρήσει
1478 1539 1544 1609 [ὁ
1586 1546 1679 1610 Δ].
1756 1545 1857 1596 τοῦ
1899 1540 1960 1596 δὲ

259 1633 313 1683 Γ
345 1626 518 1700 ἥμισύ
561 1629 713 1683 ἐστιν
754 1625 783 1683 ὁ
825 1634 895 1683 Β·
937 1625 966 1684 ὁ
1010 1635 1065 1683 A
1103 1627 1215 1699 ἄρα
1253 1626 1354 1684 τὸν
1404 1635 1452 1684 Β
1499 1640 1698 1702 μετρεῖ.
1776 1641 1965 1702 μετρεῖ

261 1716 324 1772 δὲ
361 1716 454 1771 καὶ
493 1715 594 1772 τὸν
643 1724 710 1772 A.
785 1714 814 1772 ὁ
857 1724 912 1771 A
951 1715 1060 1790 ἄρα
1100 1715 1231 1783 τοὺς
1270 1724 1348 1787 Α,
1381 1723 1428 1772 Β
1479 1728 1669 1791 μετρεῖ
1702 1717 1957 1790 πρώτους

261 1806 428 1871 ὄντας
458 1803 598 1879 πρὸς
629 1803 927 1877 ἀλλήλους·
970 1804 1104 1876 ὅπερ
1146 1806 1298 1862 ἐστὶν
1337 1803 1638 1863 ἀδύνατον.
1707 1804 1810 1862 οὐκ
1850 1805 1960 1879 ἄρα

261 1891 291 1949 ὁ
334 1902 387 1950 A
440 1893 580 1967 πρὸς
624 1894 726 1951 τὸν
772 1900 826 1950 Γ
871 1898 1089 1968 πρῶτος
1140 1893 1245 1950 οὔκ
1292 1896 1456 1950 ἐστιν.
1530 1897 1587 1950 οἰ
1630 1902 1708 1966 Α,
1751 1900 1804 1951 Γ
1851 1894 1960 1967 ἄρα

260 1986 470 2056 πρῶτοι
508 1988 647 2057 πρὸς
685 1982 963 2055 ἀλλήλους
1002 1987 1168 2039 εἰσίν·
1210 1982 1345 2055 ὅπερ
1386 1986 1498 2039 ἔδει
1540 1984 1729 2050 δεῖξαι.

1060 2145 1166 2217 λβ’.

379 2252 520 2305 Τῶν
554 2247 676 2306 ἀπὸ
714 2249 1616 2319 δύαὸοςδιπλασιαζομένων
1649 2247 1957 2322 ἀριθμων

262 2338 531 2404 ἕκαστος
571 2336 871 2411 ἀρτιάκις
910 2336 1141 2411 ἄρτιός
1181 2338 1316 2392 ἐστι
1356 2335 1579 2408 μόνον.

365 2425 495 2482 Ἀπό
543 2429 649 2499 γὰρ
699 2427 909 2492 δύαδος
953 2430 1050 2498 τῆς
1098 2436 1149 2481 A
1200 2425 1766 2482 δεδιπλασιάσθωσαν
1806 2423 1957 2482 ὁσοι-

382 2595 421 2634 1.
455 2585 579 2634 ἐστὶν
614 2586 638 2634 ὁ
675 2590 738 2648 Γ]
773 2587 796 2634 ὁ
835 2594 877 2634 Γ
904 2590 966 2645 V,
1002 2586 1127 2634 ἐστίν
1158 2589 1208 2633 F.
1362 2594 1403 2632 2.
1436 2587 1605 2632 τοῦτον
1639 2605 1688 2644 φ.
1841 2586 1954 2647 τόν]

260 2645 314 2694 τό
346 2648 395 2694 Ρ.
504 2655 545 2694 3.
577 2645 719 2705 ἥμισυ
753 2649 849 2694 PF.
956 2645 1072 2719 ὅπερ
1107 2648 1207 2693 ἔδει
1238 2647 1426 2706 δεῖξαι]
1459 2662 1520 2691 m.
1554 2653 1579 2691 2
1613 2648 1669 2703 V,
1702 2661 1792 2691 om.
1816 2647 1954 2704 BFq.

264 2714 305 2753 6.
338 2705 585 2753 διπλάσιον
616 2708 718 2753 BV.
820 2714 860 2752 9.
894 2705 1137 2759 διπλάσιος
1168 2708 1262 2763 Vq.
1373 2711 1441 2751 10.
1474 2707 1580 2763 καί]
1618 2720 1707 2751 om.
1740 2706 1790 2751 P.
1887 2713 1954 2751 11.

262 2765 312 2811 οἴ
338 2772 396 2824 A,
432 2768 498 2826 Γ]
532 2781 672 2824 supra
703 2783 762 2811 m.
799 2773 822 2811 1
856 2769 906 2812 P.
1047 2773 1116 2813 12.
1149 2768 1236 2812 καί
1263 2763 1388 2810 ἐστιν
1413 2791 1467 2798 -
1497 2771 1574 2810 13:
1608 2763 1633 2810 ὁ
1667 2766 1735 2824 A]
1766 2780 1859 2822 mg.
1892 2781 1952 2810 m.

262 2831 287 2870 2
327 2828 377 2873 V.
489 2832 558 2871 12.
593 2827 745 2900 ἐστιν’]
791 2825 901 2872 ἐπεί
936 2824 1060 2873 ἔστιν
1080 2828 1163 2895 F
1206 2824 1320 2870 ἔστω
1353 2840 1400 2881 q.
1493 2830 1562 2869 13.
1594 2823 1812 2883 περισσὸς
1842 2822 1953 2883 ἄρα]

263 2884 388 2930 ἔστιν
420 2883 514 2943 ἄρα
547 2886 766 2944 περισσός
794 2887 844 2932 F.
971 2891 1039 2932 15.
1070 2861 1215 2944 ἥμισυ
1245 2885 1297 2929 F.
1420 2880 1445 2928 ὁ
1480 2885 1550 2943 Δ]
1587 2899 1676 2930 om.
1708 2883 1758 2928 P.
1884 2889 1953 2930 16.
1981 2891 1984 2895 ’
