1988 3152
169 1020 224 1061 10

171 1461 226 1502 15

175 1948 232 1988 20

254 95 321 148 1ss
884 95 1223 138 ΣΤοΙΧΕΙῼΝ
1253 92 1313 140 ε’.

249 215 352 268 τοῦ
392 220 464 283 Α,
502 210 563 268 τὸ
616 212 678 267 δὲ
717 218 761 266 Ζ
802 214 904 267 τοῦ
943 217 1014 283 Γ,
1060 213 1153 267 καὶ
1200 219 1449 284 εἴληπται
1494 216 1607 268 τῶν
1647 219 1713 282 Ε,
1740 219 1784 267 Ζ
1826 214 1942 267 ἰσά-

250 322 336 366 κις
367 299 755 356 πολλαπλάσια
787 298 854 354 τὰ
885 306 959 370 Κ,
985 305 1037 354 A
1049 343 1066 371 ,
1104 300 1285 367 ἰσάκις
1324 300 1434 373 ἄρα
1475 301 1588 357 ἐστὶ
1627 300 1942 356 πολλαπλά-

255 403 381 444 σιον
427 387 490 443 τὸ
540 392 598 443 Κ
641 389 744 443 τοῦ
790 395 844 443 Α
889 389 982 443 καὶ
1034 386 1100 444 τὸ
1158 394 1210 443 A
1255 393 1357 444 τοῦ
1403 394 1466 444 Γ.
1537 387 1630 444 διὰ
1686 387 1753 444 τὰ
1801 387 1943 444 αὐτὰ

254 475 322 546 δὴ
368 475 550 541 ἰσάκις
589 477 704 532 ε’στὶ
741 476 1164 533 πολλαπλάσιον
1212 476 1272 533 τὸ
1314 484 1389 533 Μ
1417 480 1519 533 τοῦ
1557 484 1606 533 Β
1645 478 1738 533 καὶ
1783 475 1847 533 τὸ
1887 482 1952 531 Ν

252 567 355 619 τοῦ
396 571 464 618 Δ.
534 564 627 618 καὶ
676 566 796 620 ἐπεί
847 567 997 621 ἐστιν
1046 563 1120 631 ὡς
1158 565 1221 621 τὸ
1264 573 1317 620 Α
1362 564 1501 639 πρὸς
1540 564 1603 622 τὸ
1644 572 1720 636 Β,
1770 563 1947 629 οὕτως

252 650 314 707 τὸ
356 657 411 707 Γ
440 651 581 724 πρὸς
618 652 680 710 τὸ
731 661 811 723 Δ,
857 654 950 709 καὶ
991 660 1242 725 εἴληπται
1280 658 1394 711 τῶν
1434 655 1536 726 μὲν
1576 662 1654 724 Α,
1678 658 1732 709 Γ
1765 652 1947 717 ἰσάκις

253 740 642 797 πολλαπλάσια
679 741 744 797 τὰ
786 748 859 812 Κ,
885 749 962 813 Λ,
1002 745 1116 798 τῶν
1157 742 1220 798 δὲ
1257 749 1331 814 Β,
1360 750 1415 798 Δ
1453 742 1614 812 ἄλλα,
1661 739 1695 796 ἃ
1736 745 1947 812 ἔτυχεν,

257 827 437 893 ἰσάκις
475 829 864 886 πολλαπλάσια
902 829 969 884 τὰ
1018 837 1102 901 Μ,
1128 837 1204 900 Ν,
1245 835 1295 886 εἰ
1333 829 1442 903 ἄρα
1481 829 1735 903 ὑπερέχει
1781 827 1844 885 τὸ
1893 834 1951 885 Κ

254 919 355 971 τοῦ
396 923 487 987 Μ,
526 916 781 990 ὑπερέχει
819 917 912 972 καὶ
950 916 1014 972 τὸ
1056 923 1108 972 A
1146 921 1247 974 τοῦ
1280 925 1356 989 Ν,
1394 920 1487 974 καὶ
1527 923 1577 974 εἰ
1615 926 1759 987 ἴσον,
1802 923 1947 987 ἴσον,

254 1004 347 1059 καὶ
395 1009 446 1061 εἰ
494 1010 749 1077 ἔλαττον,
798 1011 1042 1062 ἔλαττον.
1104 1011 1202 1061 καί
1244 1008 1358 1062 ἐστι
1397 1005 1465 1063 τὰ
1505 1007 1606 1077 μὲν
1646 1013 1719 1077 Κ,
1746 1011 1797 1060 Λ
1835 1008 1949 1061 τῶν

256 1099 323 1163 Ε,
349 1099 394 1147 Ζ
428 1093 610 1160 ἰσάκις
640 1092 1044 1163 πολλαπλάσια,
1076 1092 1143 1148 τὰ
1177 1093 1239 1149 δὲ
1271 1099 1354 1164 Μ,
1379 1100 1444 1148 Ν
1475 1097 1588 1150 τῶν
1613 1100 1688 1165 Η,
1715 1100 1762 1149 Θ
1786 1093 1946 1163 ἅλλα,

256 1178 292 1235 ἂ
341 1185 559 1253 ἔτυχεν,
616 1182 797 1248 ἰσάκις
850 1181 1260 1238 πολλαπλάσια·
1315 1186 1464 1237 ἔστιν
1511 1180 1621 1254 ἄρα
1670 1179 1745 1247 ὡς
1789 1180 1850 1237 τὸ
1901 1187 1953 1236 Ε

257 1267 396 1341 πρὸς
434 1268 496 1325 τὸ
537 1275 618 1339 Η,
659 1268 837 1336 οὕτως
875 1269 936 1326 τὸ
980 1275 1025 1324 Ζ
1065 1268 1205 1343 πρὸς
1242 1268 1304 1326 τὸ
1345 1277 1404 1326 Θ.

364 1356 496 1413 Ἐὰν
543 1355 653 1430 ἄρα
699 1361 923 1431 πρῶτον
970 1356 1108 1431 πρὸς
1155 1358 1421 1431 δεύτερον
1467 1358 1571 1415 τὸν
1627 1356 1801 1415 αὐτὸν
1854 1363 1947 1431 ἔχῃ

257 1448 430 1516 λόγον
469 1446 562 1501 καὶ
602 1451 790 1517 τρίτον
822 1446 962 1518 πρὸς
992 1448 1275 1518 τέταρτον,
1314 1448 1406 1502 καὶ
1437 1448 1504 1502 τὰ
1537 1446 1718 1512 ἰσάκις
1748 1453 1949 1502 πολλα-

258 1533 464 1589 πλάσια
517 1537 618 1590 τοῦ
673 1555 731 1589 τε
784 1536 1010 1607 πρώτου
1063 1535 1155 1590 καὶ
1209 1540 1402 1608 τρίτου
1455 1534 1593 1609 πρὸς
1645 1534 1712 1590 τὰ
1770 1535 1951 1601 ἰσάκις

259 1622 648 1678 πολλαπλάσια
693 1626 796 1679 τοῦ
844 1624 1110 1695 δευτέρου
1155 1624 1247 1678 καὶ
1301 1623 1568 1697 τετάρτου
1613 1623 1713 1680 τὸν
1769 1622 1945 1680 αὐτὸν

260 1711 367 1776 ἕξει
393 1709 566 1781 λόγον
591 1708 723 1765 καθ’
761 1709 1069 1767 ὁποιονοῦν
1093 1711 1627 1784 πολλαπλασιασμὸν
1659 1714 1951 1785 ληφθέντα

259 1798 594 1870 κατάλληλα·
636 1797 771 1871 ὅπερ
812 1803 925 1855 ἔδει
966 1802 1154 1867 δεῖξαι.

1077 1954 1140 1988 ε.

368 2018 515 2076 Ἐὰν
578 2020 863 2091 μέγεθος
936 2022 1263 2092 μεγέθους
1334 2022 1551 2087 ἰσάκις
1612 2015 1646 2094 ᾗ
1709 2029 1953 2078 πολλα-

261 2108 571 2181 πλάσιον,
628 2107 785 2180 ὅπερ
842 2106 1215 2180 ἀφαιρεθὲν
1272 2107 1786 2182 ἀφαιρεθέντος,
1844 2111 1952 2166 καὶ

262 2196 331 2252 τὸ
380 2196 620 2252 λοιπὸν
660 2201 776 2252 τοῦ
816 2201 1053 2253 λοιποῦ
1096 2196 1313 2263 ἰσάκις
1362 2202 1544 2253 ἔσται
1584 2198 1954 2254 πολλαπλά-

265 2300 441 2355 σιον,
482 2282 893 2341 ὁσαπλάσιόν
936 2288 1072 2341 ἐστι
1111 2283 1181 2341 τὸ
1223 2283 1381 2341 ὅλον
1419 2289 1536 2341 τοῦ
1577 2285 1751 2343 ὅλου.

387 2410 425 2448 1.
458 2404 570 2461 τῶν]
613 2400 665 2447 τό
704 2404 762 2458 F;
804 2417 918 2449 corr.
961 2419 1020 2449 m.
1055 2417 1144 2448 rec.
1296 2409 1337 2448 2.
1370 2401 1738 2477 πολλαπλάσιον]
1785 2408 1956 2449 πολλα·

265 2460 441 2507 πλάσια
490 2462 555 2518 V,
598 2475 711 2507 corr.
752 2478 812 2507 m.
857 2469 895 2507 1
1049 2468 1089 2507 5.
1138 2457 1260 2507 οὕτω
1302 2463 1353 2508 F.
1507 2468 1546 2508 6.
1580 2462 1687 2522 με’ν]
1738 2478 1828 2509 om.
1861 2465 1951 2521 Bp.

328 2527 366 2565 7.
402 2517 456 2593 ἅ]
490 2536 631 2578 supra
660 2522 710 2568 F.
866 2527 934 2567 10.
968 2522 1080 2567 Post,
1129 2520 1320 2566 ἔλαττον
1366 2523 1415 2566 in
1452 2522 1489 2566 P
1527 2523 1827 2580 repetuntur:
1874 2522 1957 2567 καὶ

269 2579 373 2625 ἐπεὶ
410 2577 633 2638 ὑπερέχει
671 2578 724 2625 τὸ
766 2584 813 2624 Κ
848 2582 931 2625 τοῦ
964 2584 1025 2625 Μ
1049 2580 1130 2624 καὶ
1160 2578 1213 2625 τὸ
1248 2586 1286 2625 Λ
1318 2582 1402 2626 τοῦ
1435 2584 1488 2625 Ν
1515 2582 1596 2626 καὶ
1638 2581 1683 2626 εἰ
1719 2583 1822 2627 ἴσον
1853 2583 1956 2627 ἴσον

266 2640 347 2683 καὶ
373 2638 418 2684 εἰ
441 2639 630 2685 ἔλαττον
657 2638 862 2684 ἔλαττον.
970 2637 1096 2684 ἐστιν
1119 2639 1172 2685 Ρ.
1292 2645 1332 2684 A
1381 2654 1405 2684 e
1431 2654 1546 2685 corr.
1571 2656 1631 2687 m.
1657 2646 1683 2686 2
1710 2641 1762 2687 F.
1886 2645 1954 2685 12.

269 2694 323 2756 ἅ]
373 2713 543 2771 supra.
553 2714 611 2744 m.
663 2703 689 2743 2
736 2698 784 2743 P.
940 2704 1008 2743 16.
1050 2714 1099 2743 τε
1143 2641 1359 2770 noctitov}
1390 2696 1614 2772 τετάρτου
1661 2717 1696 2757 φ
1730 2703 1849 2770 (non
1887 2699 1954 2756 F).

271 2762 339 2801 1⁷.
373 2755 494 2802 καθ’
523 2754 781 2803 ὁποιονοῦν
805 2755 1247 2816 πολλαπλασιασμὸν
1271 2755 1354 2802 τὸν
1387 2754 1535 2803 αυτὸν
1570 2757 1664 2812 ε’ξει
1689 2755 1828 2815 λόγον
1854 2759 1931 2815 Bp

269 2817 349 2861 cfr
364 2832 409 2873 p.
431 2823 484 2863 14
501 2816 583 2862 lin.
603 2822 791 2862 14—15.
856 2822 923 2862 19.
944 2818 1046 2871 δεῖξ
1023 2817 1118 2874 ξαι]
1137 2832 1252 2863 corr.
1267 2831 1323 2862 ex
1339 2817 1614 2888 ποιῇσαιᾙ.
1651 2817 1829 2862 Deinde
1848 2774 1955 2862 addi

268 2871 451 2920 Theon·
486 2872 590 2921 ἐπεὶ
614 2870 699 2921 οὖν
726 2873 937 2933 ἐδείχθη,
963 2873 1050 2933 ὅτι,
1077 2873 1165 2921 εἰ
1142 2876 1363 2934 υπερέχει
1387 2873 1439 2921 τὸ
1466 2880 1512 2920 K
1535 2878 1616 2920 τοῦ
1643 2880 1708 2933 Μ,
1734 2873 1957 2933 ὑπερέχει
