1988 3152
101 1187 156 1227 10

101 1639 156 1679 15

98 2090 156 2131 20

189 171 299 223 224
815 172 1151 215 ΣΤΟΙΧΕΙῼΝ
1182 167 1240 226 ζ’.

190 288 373 355 ἰσάκις
425 290 534 361 ἄρα
589 287 614 344 ἶ
668 297 720 344 A
776 290 1038 361 ἑκάτερον
1090 292 1203 346 τῶν
1249 295 1321 361 Γ,
1370 298 1426 345 A
1479 302 1678 364 μετρεῖ.
1763 300 1882 359 ἶσος

189 376 299 451 ἄρα
339 377 490 455 ἐστὶν
529 375 558 432 6
598 382 652 433 Γ
682 381 759 453 τῷ
801 385 878 432 A·
919 377 1062 448 Kasp,
1094 381 1205 434 ἔδει
1247 379 1436 444 δεῖξαι.

992 540 1077 607 ιζ’.

297 641 446 698 Ἐὰν
478 641 768 714 ἀριθμὸς
800 642 919 698 δύο
945 640 1279 714 ἀριθμοὺς
1302 644 1885 711 πολλαπλασιάσας

188 734 344 804 ποιῇ
406 753 616 803 τινας,
684 735 749 787 οἱ
803 731 1161 803 γενόμενοι
1216 734 1278 798 ἐξ
1333 730 1550 787 αὐτῶν
1603 731 1718 788 τὸν
1774 732 1885 789 αὐ-

186 818 303 875 τὸν
343 821 570 887 ἕξουσι
608 819 812 891 λόγον
853 831 992 886 τοῖς
1028 825 1781 877 πολλαπλασιασθεῖσιν.

295 905 562 981 Ἀριθμὸς
599 907 706 982 γὰρ
750 906 780 965 6
813 916 867 964 A
899 907 1004 964 δύο
1036 906 1317 980 ἀριθμοὺς
1346 908 1478 975 τοὺς
1509 915 1575 980 Β,
1608 914 1662 964 Γ
1683 917 1886 966 πολλα-

188 996 501 1063 πλασιάσας
549 997 683 1064 τοὺς
737 1004 817 1070 Δ,
851 1003 904 1053 Ε
954 1002 1200 1054 ποιείτω·
1255 999 1424 1069 λέγω,
1481 995 1568 1053 ὅτι
1614 999 1765 1054 ἐστὶν
1813 997 1888 1064 ὡς

188 1083 218 1141 6
259 1091 306 1141 Β
349 1085 491 1158 πρὸς
528 1085 630 1142 τὸν
668 1091 740 1156 Γ,
782 1086 960 1152 οὕτως
1000 1084 1030 1142 6
1072 1093 1128 1141 A
1164 1085 1304 1158 πρὸς
1341 1085 1443 1142 τὸν
1481 1093 1545 1143 Ε.

295 1173 446 1231 Ἐπεὶ
492 1173 599 1248 γὰρ
649 1173 679 1231 ὁ
720 1183 775 1231 A
813 1176 914 1231 τὸν
953 1181 1001 1231 Β
1041 1175 1530 1242 πολλαπλασιάσας
1565 1174 1665 1232 τὸν
1706 1184 1762 1231 A
1800 1196 1887 1232 πε-

186 1269 443 1335 ποίηκεν,
492 1261 521 1319 6
570 1262 617 1319 Β
666 1262 776 1336 ἄρα
822 1262 924 1320 τὸν
971 1271 1027 1319 A
1074 1275 1264 1337 μετρεῖ
1305 1264 1445 1321 κατὰ
1483 1264 1582 1332 τὰς
1620 1267 1682 1322 ἐν
1719 1268 1796 1342 τῷ
1836 1274 1889 1321 Α

187 1351 455 1424 μονάδας.
531 1363 720 1425 μετρεῖ
765 1351 828 1407 δὲ
872 1353 966 1407 καὶ
1012 1350 1047 1423 ἡ
1090 1359 1135 1407 Ζ
1180 1375 1360 1425 μονας
1396 1353 1497 1410 τὸν
1538 1361 1590 1410 A
1637 1352 1888 1427 άρνθμὸν

186 1438 324 1496 κατὰ
371 1439 472 1506 τὰς
517 1443 578 1497 ἐν
626 1439 776 1517 αὐτῷ
825 1439 1097 1512 μονάδας·
1153 1441 1335 1508 ἰσάκις
1381 1441 1492 1514 ἄρα
1537 1441 1571 1515 ἡ
1622 1449 1666 1497 Ζ
1711 1442 1890 1514 μονὰς

185 1528 288 1586 τὸν
337 1537 391 1585 A
441 1527 693 1602 ἀριθμὸν
740 1540 929 1601 μετρεῖ
977 1529 1070 1584 καὶ
1118 1526 1146 1585 6
1196 1537 1243 1586 Β
1290 1530 1392 1587 τὸν
1438 1539 1508 1588 A.
1580 1536 1730 1588 ἔστιν
1778 1530 1889 1605 ἄρα

189 1616 264 1684 ὡς
317 1615 352 1690 ἡ
411 1625 457 1673 Ζ
511 1617 688 1690 μονὰς
741 1616 883 1689 πρὸς
935 1615 1037 1674 τὸν
1082 1625 1136 1674 Α
1190 1617 1465 1693 ἀριθμόν,
1521 1619 1700 1687 οὕτως
1754 1619 1784 1678 6
1840 1628 1887 1677 Β

187 1706 326 1781 πρὸς
382 1706 484 1763 τὸν
533 1713 602 1762 Δ.
690 1705 783 1762 διὰ
838 1706 907 1763 τὰ
955 1704 1095 1763 αὐτὰ
1151 1706 1220 1780 δὴ
1273 1709 1366 1764 καὶ
1418 1707 1493 1775 ὥς
1537 1708 1572 1781 ἡ
1622 1716 1667 1765 Ζ
1714 1709 1890 1782 μονὰς

185 1796 326 1870 πρὸς
375 1795 475 1852 τὸν
523 1803 576 1851 A
621 1793 900 1869 ἀριθμόν,
950 1796 1127 1862 οὕτως
1174 1794 1204 1852 6
1255 1802 1310 1853 Γ
1347 1797 1488 1870 πρὸς
1532 1797 1633 1857 τὸν
1680 1804 1750 1854 Ε·
1796 1799 1888 1854 καὶ

188 1882 263 1951 ὥς
309 1883 419 1958 ἄρα
467 1882 497 1940 6
544 1890 591 1939 Β
639 1883 780 1956 πρὸς
825 1882 925 1940 τὸν
966 1891 1046 1956 Δ,
1103 1885 1281 1952 οὕτως
1329 1884 1358 1942 6
1398 1892 1453 1942 Γ
1491 1886 1631 1959 πρὸς
1675 1886 1778 1943 τὸν
1824 1895 1887 1944 Ε.

188 1972 424 2041 ἐναλλὰξ
471 1971 582 2046 ἄρα
630 1972 781 2028 ἐστὶν
829 1970 904 2038 ὡς
944 1971 973 2029 6
1015 1980 1062 2029 Β
1101 1973 1242 2045 πρὸς
1280 1973 1381 2030 τὸν
1421 1979 1492 2046 Γ,
1541 1973 1718 2041 οὕτως
1758 1973 1787 2031 6
1832 1984 1888 2032 A

187 2061 327 2135 πρὸς
364 2060 465 2119 τὸν
505 2068 574 2118 Ε·
616 2060 751 2131 ὅπερ
793 2064 906 2117 ἔδει
946 2063 1134 2129 δεῖξαι.

1055 2223 1070 2244 r

991 2246 1087 2296 ιη.

295 2326 443 2383 Ἐὰν
485 2327 604 2384 δύο
653 2326 937 2400 ἀριθμοὶ
984 2326 1279 2400 ἀριθμόν
1325 2351 1476 2385 τινα
1521 2335 1886 2386 πολλαπλα-

187 2416 543 2483 σιάσαντες
589 2420 835 2473 ποιῶσί
877 2438 1090 2488 τινας,
1147 2419 1213 2473 οἱ
1256 2416 1614 2489 γενόμενοι
1660 2419 1722 2484 ἐξ
1774 2417 1886 2475 αὐ-

100 2529 110 2535 ·
185 2508 314 2561 τῶν
367 2506 484 2561 τὸν
539 2503 745 2561 αὐτὸν
800 2507 1026 2573 ἕξουσι
1080 2505 1285 2577 λόγον
1329 2516 1470 2571 τοῖς
1514 2512 1886 2563 πολλαπλα-

98 2613 155 2654 25

187 2592 538 2660 σιάσασιν..

309 2775 348 2814 1.
382 2767 407 2815 ὁ
442 2771 509 2830 Α]
543 2784 633 2815 om.
664 2786 711 2827 p.
835 2770 948 2830 τῶν]
980 2767 1064 2815 τόν
1093 2786 1138 2828 p.
1261 2774 1303 2815 5.
1334 2769 1418 2815 τὸν
1448 2767 1624 2842 αυτόν1
1656 2787 1796 2846 supra
1827 2773 1883 2819 V
1951 2747 1966 2779 ι’

189 2835 228 2875 7.
253 2832 738 2874 πολλαπλασιασθεῖσι
762 2846 808 2888 p.
902 2836 942 2875 8.
932 2827 1137 2899 ‚³⁰⁶9]
1123 2845 1174 2874 m
1195 2843 1285 2874 ras.
1309 2829 1366 2874 V.
1460 2835 1528 2876 11.
1561 2831 1652 2892 τῳ]
1680 2828 1810 2892 αὐτῷ
1832 2832 1885 2888 Ρ,
1955 2861 1960 2864 ·

188 2885 318 2948 αὐτῷ
352 2890 415 2949 τῷ
448 2905 510 2933 m.
542 2902 632 2934 rec.
729 2894 799 2935 13.
832 2883 952 2961 αὐτῇ
978 2905 1022 2947 p.
1117 2893 1186 2935 15.
1200 2885 1278 2960 ἡ]
1305 2902 1445 2960 supra
1467 2905 1528 2936 m.
1556 2895 1579 2934 1
1604 2906 1650 2948 p.
1742 2877 1885 2947 ἄρισθ’-

187 2934 300 3007 μόν]
335 2962 425 2993 om.
456 2948 508 2995 P.
633 2952 702 2994 17.
734 2948 817 2992 καὶ
848 2944 990 3000 069-
1016 2952 1093 2992 18.
1125 2944 1245 3005 πρὸς
1274 2945 1359 2993 τὸν
1401 2949 1468 3008 Ε]
1510 2963 1598 2994 om.
1638 2948 1688 2994 P.
1813 2953 1883 2994 18.
