1988 3152
114 1146 168 1185 10

116 1596 170 1636 15

119 2040 175 2080 20

197 157 304 210 236
837 153 1172 197 ΣΤΟΙΧΕΙῼΝ
1204 149 1261 205 ζ’.

196 280 509 346 πεποίηκεν.
595 271 689 329 διὰ
736 271 804 326 τὰ
852 268 993 326 αὐτὰ
1043 269 1112 340 δὴ
1160 269 1253 324 καὶ
1293 265 1323 324 6
1364 274 1418 324 Γ
1453 269 1555 325 τὸν
1595 275 1648 323 Ε
1691 273 1893 323 πολλα-

197 362 506 429 πλασιάσας
559 361 660 417 τὸν
716 366 764 416 Β
817 363 1130 430 πεποίηκεν.
1205 355 1448 429 ἀριθμὸς
1505 357 1574 428 δὴ
1625 354 1654 412 6
1694 361 1747 412 Γ
1786 355 1891 411 δύο

199 450 480 525 ἀριθμοὺς
524 450 656 515 τοὺς
697 455 776 518 A,
810 454 862 504 Ε
903 445 1391 521 πολλαπλασῖάσας
1436 467 1569 511 τους
1607 452 1684 516 A,
1716 451 1763 499 Β
1804 464 1894 499 πε-

198 543 453 611 ποίηκεν·
532 542 684 594 ἔστιν
731 535 840 608 ἄρα
888 534 962 601 ὡς
1010 533 1039 591 6
1081 542 1136 590 A
1182 533 1320 606 πρὸς
1366 532 1467 589 τὸν
1514 539 1587 604 Ε,
1637 531 1814 597 οὕτως
1862 529 1893 587 6

199 635 253 683 A
292 627 431 700 πρίῑς
468 625 568 682 τὸν
607 632 677 681 Β·
720 627 777 680 οἰ
814 631 895 694 A,
928 629 980 678 Ε
1015 621 1125 695 ἄρα
1164 633 1281 687 τοῖς
1319 629 1401 691 Α,
1434 627 1480 676 Β
1521 623 1582 677 ἐν
1619 626 1695 697 τῷ
1743 618 1892 694 αὐτῷ

200 715 350 790 λόγῳ
392 715 537 771 εἰσὶν
578 714 878 778 ἐλάσσονες
917 711 1074 777 ὄντες
1115 709 1323 767 αὐτῶν·
1382 708 1515 782 ὅπερ
1563 710 1714 765 ἐστὶν
1762 707 1896 764 ἀδύ-

199 825 387 860 νατον.
474 801 576 859 οὐκ
633 802 742 874 ἄρα
795 801 930 866 τοὺς
975 809 1053 871 Α,
1084 807 1131 855 Β
1187 798 1468 871 ἀριθμοὺς
1521 797 1762 870 ἀριθμός
1815 818 1898 861 τις

202 891 474 965 μετρήσει.
556 893 613 948 οἰ
650 899 730 961 A,
764 896 811 945 Β
852 887 962 959 ἄρα
1002 892 1213 959 πρῶτοι
1251 887 1392 961 πρὸς
1430 886 1708 959 ἀλλήλους
1746 889 1890 942 εἰσίν

203 980 337 1051 ὅπερ
380 984 492 1036 ἔδει
533 980 724 1045 δεῖξαι.

996 1146 1065 1195 κγ
1092 1168 1101 1179 .

310 1229 454 1286 Ἐὰν
518 1227 640 1285 δύο
698 1226 979 1299 ἀριθμοὶ
1040 1236 1287 1299 πρῶτοι
1350 1226 1512 1299 πρὸς
1574 1225 1903 1298 ἀλλήλους

204 1312 391 1390 ὦσιν,
439 1316 468 1374 6
508 1317 625 1374 τὸν
665 1318 780 1372 ἕνα
829 1313 1046 1371 αὐτῶν
1096 1320 1351 1389 μετρῶν
1400 1314 1690 1388 ἀριθμὸς
1739 1315 1902 1387 πρὸς

203 1407 317 1464 τὸν
358 1405 595 1463 λοιπὸν
635 1407 891 1477 πρῶτος
930 1408 1130 1459 ἔσται.

302 1494 594 1551 ’Ἑστωσαν
643 1492 747 1549 δύο
797 1490 1033 1564 ἀριθμοὶ
1083 1496 1294 1564 πρῶτοι
1340 1491 1439 1566 πρί
1453 1516 1480 1558 ς
1527 1490 1803 1565 ἀλλήλους
1850 1496 1907 1548 οἱ

204 1591 284 1656 A,
317 1589 392 1654 Β,
447 1580 548 1638 τὸν
602 1581 663 1637 δὲ
710 1588 763 1636 Α
817 1586 1078 1653 μετρείτω
1125 1602 1208 1647 τις
1254 1579 1498 1654 ἀριθμὸς
1546 1579 1575 1636 6
1623 1587 1689 1637 Γ·
1744 1582 1905 1653 λέγω,

206 1673 292 1729 ὅτι
330 1672 422 1728 καὶ
464 1673 522 1727 οἱ
559 1675 622 1739 Γ,
656 1675 702 1725 Β
742 1671 953 1741 πρῶτοι
992 1667 1131 1739 πρὸς
1171 1667 1448 1741 ἀλλήλους
1487 1673 1644 1726 εἰσίν.

319 1765 393 1818 Εἰ
441 1759 546 1832 γὰρ
595 1757 670 1831 μή
710 1761 854 1814 εἰσιν
896 1759 953 1812 οἱ
990 1762 1052 1828 Γ,
1086 1764 1134 1813 Β
1173 1761 1384 1831 πρῶτοι
1423 1757 1562 1829 πρὸς
1612 1755 1906 1831 ἀλλήλους,

208 1851 466 1923 μετρήσει
499 1851 624 1917 [τις]
659 1844 789 1912 τοὺς
820 1850 884 1916 Γ,
918 1852 965 1901 Β
997 1843 1253 1918 ἀριθμός.
1323 1853 1602 1919 μετρείτω,
1641 1847 1733 1902 καὶ
1767 1851 1905 1903 ἔστω

209 1936 238 1995 6
294 1945 361 1994 A.
449 1935 564 1992 ἐπεὶ
614 1932 643 1991 6
694 1941 749 1990 A
802 1932 903 1989 τὸν
951 1938 1006 1989 Γ
1051 1944 1260 2007 μετρεῖ,
1317 1931 1345 2010 6
1401 1934 1462 1990 δὲ
1502 1935 1684 1991 Γτὸυ
1724 1943 1778 1990 Λ
1816 1958 1906 2008 με-

206 2037 353 2100 τρεῖ,
408 2025 502 2080 καὶ
558 2021 588 2080 6
646 2030 702 2079 A
761 2023 871 2095 ἄρα
925 2021 1026 2078 τὸν
1080 2029 1134 2077 A
1183 2032 1381 2095 μετρεῖ.
1465 2025 1654 2097 μετρεῖ
1704 2025 1766 2080 δὲ
1815 2025 1907 2079 καὶ

205 2114 307 2172 τὸν
353 2121 422 2171 Β·
473 2111 502 2169 6
554 2119 608 2168 A
655 2111 765 2186 ἄρα
814 2111 947 2178 τοὺς
992 2118 1071 2181 Α,
1104 2117 1150 2167 Β
1204 2122 1392 2183 μετρεῖ
1442 2114 1693 2185 πρώτους
1742 2111 1920 2179 ὄντας·

207 2203 347 2274 πρὸς
386 2200 687 2272 ἀλλήλους·
730 2199 863 2271 ὅπερ
905 2199 1056 2256 ἐστὶν
1097 2198 1398 2256 ἀδύνατον.
1478 2199 1580 2257 οὐκ
1619 2201 1730 2273 ἄρα
1776 2201 1908 2267 τοὺς

208 2298 279 2363 Γ,
313 2298 359 2347 Β
411 2288 691 2363 ἀριθμοὺς
738 2287 982 2361 ἀριθμός
1028 2310 1109 2354 τις
1156 2288 1426 2362 μετρήσει.
1506 2292 1563 2345 οἱ
1605 2295 1671 2360 Γ,
1709 2296 1756 2346 Β
1797 2289 1908 2361 ἄρα

209 2383 419 2454 πρῶτοι
460 2377 603 2451 πρὸς
643 2376 922 2449 ἀλλήλους
962 2381 1128 2433 εἰσίν·
1170 2378 1306 2450 ὅπερ
1349 2381 1461 2434 ἔδει
1502 2380 1690 2446 δεῖξαι.

333 2576 370 2614 1.
404 2571 633 2627 πεποίηκε
666 2570 709 2615 V
734 2587 785 2627 φ.
939 2570 1004 2642 Γ]
1039 2572 1203 2615 mutat.
1237 2569 1287 2614 in
1318 2572 1359 2613 E
1392 2569 1456 2624 V3
1497 2573 1538 2613 E
1562 2587 1612 2626 φ.
1767 2570 1833 2628 Ε]
1870 2573 1914 2613 Γ

210 2630 253 2674 V
291 2630 342 2674 in
380 2643 493 2686 rae„
526 2646 584 2703 φ.
738 2635 779 2677 2.
812 2627 1045 2688 ἀριθμος]
1079 2631 1192 2674 mut.
1226 2629 1276 2673 in
1293 2626 1510 2701 ,ἀριθμοί
1535 2628 1592 2684 V,
1624 2625 1831 2686 ἀριθμοί
1857 2646 1907 2685 φ.

211 2686 237 2734 6
274 2692 315 2733 Γ
343 2685 459 2760 δύο]
483 2665 542 2732 οἷ
570 2693 629 2744 A,
659 2691 700 2732 E
723 2689 885 2735 inl-as.
912 2689 968 2746 V,
1002 2706 1050 2745 φ.
1205 2694 1245 2734 3.
1277 2684 1488 2744 ἀριθμὸν
1528 2685 1611 2733 τὸν
1655 2691 1698 2732 Γ
1738 2691 1906 2733 πολλα-

210 2744 555 2798 πλασιάσαντες
584 2724 629 2793 V
667 2761 691 2792 e
732 2762 864 2803 corr„
904 2765 955 2805 φ.
1031 2745 1348 2804 πεποιήκασιν
1378 2747 1428 2791 in
1465 2761 1554 2792 las,
1588 2747 1644 2804 V,
1678 2764 1727 2803 φ.
1866 2753 1906 2792 6.
1973 2771 1980 2791 .>

214 2805 310 2852 εἰσί
337 2822 385 2880 p.
510 2811 579 2852 10.
622 2804 695 2851 κε’
739 2808 869 2865 BVp
930 2807 967 2851 P
1007 2822 1068 2851 m.
1109 2821 1198 2852 rec.
1339 2811 1407 2851 12.
1447 2806 1630 2863 πρῶτος
1669 2802 1788 2862 πρὸς
1824 2803 1907 2850 τὸν
1975 2835 1979 2838 -

213 2863 379 2910 λοιπόν
409 2880 454 2922 p.
602 2870 671 2910 15.
704 2864 852 2922 λέγω,
879 2843 979 2924 ὅτι]
1013 2866 1130 2922 λέγω
1162 2868 1271 2922 post
1299 2879 1388 2909 rae.
1422 2865 1471 2909 P.
1619 2869 1688 2911 18.
1718 2863 1894 2922 τις]ω

212 2939 302 2970 rec.
337 2924 390 2969 P.
512 2922 621 2976 τοὺς
654 2928 707 2980 Γ,
740 2925 803 2982 Β]
839 2939 929 2971 om.
962 2940 1006 2982 p.
1070 2925 1183 2969 Post
1214 2928 1249 2968 B
1275 2923 1381 2970 add.
1405 2924 1468 2969 V·
1502 2920 1752 2981 ἀριθμούς,
1784 2923 1910 2967 idem
