1988 3152
502 70 963 113 ELEMENTORUM
991 69 1174 111 LIBER
1203 69 1302 111 vn.
1643 64 1752 118 205

58 191 201 258 dice,
254 191 424 244 etiam
466 194 576 243 ΑΒ
611 192 678 258 4-
713 191 831 242 AE
873 206 1222 240 numerorum
1271 189 1323 240 Γ
1350 189 1416 255 —k
1453 190 1498 239 Z
1537 186 1752 238 easdem
1842 235 1851 247 ‚

60 284 243 348 partes
283 297 429 345 esse,
470 295 605 346 quae
645 277 720 329 sit
757 279 865 328 AB
906 276 1118 327 numeri
1156 277 1215 328 Γ.

167 386 296 420 nam
357 366 614 436 quoniam
677 381 815 434 quae
878 366 1058 432 partes
1123 367 1207 416 esi:
1260 367 1368 415 AB
1422 364 1635 416 numeri
1689 364 1752 430 Γ,

59 457 277 509 eaedem
316 459 401 508 est
438 458 556 508 AE
590 454 802 507 numeri
842 456 914 520 Ζ,
962 456 1094 520 quot
1141 455 1268 506 sunt
1313 452 1372 504 in
1413 455 1521 504 AB
1569 454 1752 521 partes

55 545 267 597 numeri
315 546 382 613 Γ,
429 544 656 597 totidem
697 544 862 596 etiam
908 543 967 595 in
1007 546 1062 594 Δ
1071 545 1123 594 Ε
1161 546 1286 594 811111,
1323 544 1506 611 partes
1544 540 1756 594 numeri

594 636 656 685 Ζ.
734 632 1007 685 diuidatur
1038 634 1145 683 AB
1171 631 1227 683 in
1259 633 1392 697 ΑΗ,
1423 631 1537 682 ΗΒ
1571 633 1753 698 partes

424 780 453 784 —
593 721 805 773 numeri
851 723 920 789 Γ,
961 724 1078 774 ΔΕ
1129 723 1310 772 autem
1365 719 1422 771 in
1474 722 1609 783 ΔΘ,
1649 721 1758 771 ΘΕ

63 782 130 923 Γ
215 855 259 895 Γ
303 842 378 880 -A
591 813 774 878 partes
824 809 1038 862 numeri
1085 812 1143 861 Z.
1228 809 1413 878 itaque
1460 808 1752 861 multitudo

61 906 142 967 ΤΗ
303 868 378 977 l&
457 891 491 932 Z
589 917 940 952 numerorum
1019 902 1072 950 A
1082 900 1161 966 H,
1226 900 1343 950 ΗΒ
1421 896 1755 950 multitudini

57 971 125 1072 [B
179 1052 210 1057 -
302 964 376 1073 [Ε
421 1053 452 1058 —
587 1006 941 1041 numerorum
997 991 1052 1040 A
1061 991 1131 1055 Θ,
1173 990 1283 1040 ΘΕ
1334 986 1574 1055 aequalis
1637 985 1756 1038 erit.

587 1080 642 1128 81,
697 1077 955 1146 quoniam
1003 1094 1140 1145 quae
1193 1094 1320 1144 pars
1371 1078 1454 1128 est
1493 1077 1620 1127 AH
1657 1093 1756 1126 nu-

56 1166 189 1217 meri
231 1168 301 1234 Γ,
340 1166 528 1218 eadem
568 1169 652 1218 est
692 1166 857 1218 etiam
896 1168 1008 1217 ΔΘ
1046 1165 1257 1218 numeri
1296 1168 1360 1233 Z,
1402 1166 1530 1215 AH
1548 1164 1615 1229 -Ι-
1644 1165 1756 1214 ΔΘ

60 1254 246 1307 eadem
300 1273 426 1324 pars
482 1255 587 1308 8111,
634 1272 984 1307 1111111810111111
1031 1257 1085 1307 Γ
1111 1256 1178 1321 -Ι-
1216 1257 1284 1322 Ζ,
1324 1269 1460 1321 quae
1500 1253 1629 1304 AH
1658 1269 1757 1304 nu-

58 1342 191 1394 meri
248 1344 302 1394 Γ
356 1344 542 1411 [prop.
598 1341 700 1409 V].
793 1343 978 1396 eadem
1040 1343 1104 1395 de
1161 1361 1325 1395 causa
1379 1342 1546 1395 etiam
1619 1357 1756 1409 quae

55 1448 184 1499 pars
223 1433 307 1482 esb
348 1433 462 1483 ΗΒ
508 1431 721 1484 numeri
759 1433 826 1499 Γ,
867 1431 1053 1484 eadem
1099 1450 1226 1500 pars
1278 1433 1362 1483 est
1400 1433 1513 1483 ΗΒ
1549 1431 1615 1496 -Ι-
1651 1432 1758 1481 ΘΕ

55 1537 406 1572 numerorum
438 1521 489 1572 Γ
509 1521 576 1586 -Ι-
606 1523 664 1573 Ζ.
742 1537 870 1590 ergo
904 1538 1039 1589 quae
1071 1522 1256 1589 parles
1289 1522 1370 1573 est
1406 1522 1514 1571 AB
1546 1519 1758 1572 numeri

58 1609 120 1676 Γ,
155 1608 375 1660 eaedem
406 1611 589 1676 partes
615 1614 743 1662 sunl:
774 1613 881 1661 ΑΒ
911 1612 976 1675 -Ι-
1005 1613 1121 1662 ΔΕ
1149 1627 1496 1662 numerorum
1523 1610 1576 1660 Γ
1596 1610 1661 1673 -1-
1691 1611 1757 1675 Ζ;

57 1696 202 1764 quod
243 1699 359 1748 erat
398 1696 891 1750 demonstrandum.

845 1858 965 1912 VII.

171 1961 229 2015 Si
267 1981 523 2016 numerus
562 1964 773 2016 numeri
813 1962 999 2015 eadem
1039 1982 1166 2032 pars
1208 1966 1311 2032 est,
1365 1982 1499 2033 quae
1541 1964 1756 2016 ablatus

62 2069 318 2104 numerus
374 2051 567 2120 ablat-i,
622 2052 788 2104 etiam
843 2051 1084 2121 reliquus
1139 2051 1334 2121 reliqui
1389 2052 1574 2104 eadem
1630 2071 1758 2121 pars

64 2141 192 2208 erit,
232 2158 367 2208 quae
406 2142 558 2193 101118
598 2141 782 2193 totius,

171 2228 317 2283 Nam
363 2247 618 2282 numerus
662 2233 771 2282 AB
825 2230 1037 2282 numeri
1091 2232 1195 2282 ΓΔ
1250 2230 1437 2283 eadem
1491 2231 1563 2283 sit
1615 2249 1760 2300 parS,

61 2336 196 2387 quae
255 2318 468 2372 ablatus
523 2336 778 2371 numerus
825 2322 940 2370 ΑΕ
983 2318 1155 2371 ablati
1201 2321 1317 2372 ΓΖ.
1401 2319 1544 2390 dico,
1595 2320 1760 2373 etiam

62 2406 333 2475 reliquum
372 2410 475 2459 ΕΒ
516 2407 711 2476 reliqui
753 2410 865 2459 ZA
905 2408 1128 2460 eandem
1177 2426 1294 2461 esse
1339 2411 1574 2478 partem,
1623 2427 1760 2478 quae

0 2567 4 2571 .
62 2496 212 2547 totus
253 2498 362 2547 AB
402 2495 475 2547 sit
512 2495 680 2547 totius
724 2497 841 2547 ΓΔ.

66 2682 158 2726 quo
190 2669 308 2713 haec
338 2683 468 2726 prop.
502 2684 544 2714 a.
576 2684 638 2715 m.
673 2675 696 2715 1
733 2671 833 2716 solo
866 2670 998 2728 signo
1025 2690 1034 2715 :
1061 2690 1119 2710 ω
1143 2686 1172 2717 a
1203 2671 1358 2728 priore
1384 2673 1616 2729 dirempta
1641 2674 1761 2726 eram

67 2740 183 2772 corr.
215 2743 276 2772 m.
310 2733 350 2774 2.
489 2734 559 2775 20.
594 2726 648 2788 ὁ]
685 2743 824 2786 supra
854 2745 914 2773 m.
951 2736 974 2774 1
1009 2731 1057 2776 P.
1195 2736 1265 2777 21.
1301 2728 1355 2790 ὁ]
1389 2746 1529 2790 supra
1558 2746 1618 2777 m.
1654 2737 1676 2776 1
1709 2733 1762 2788 P,

67 2800 156 2832 om.
190 2787 239 2833 F.
362 2781 492 2847 ὅλου]
525 2789 575 2833 in
606 2802 694 2834 ras.
728 2789 776 2834 F.
901 2794 971 2836 23.
1004 2795 1040 2834 A
1052 2790 1118 2848 E]
1152 2794 1189 2835 A
1223 2803 1337 2836 eras.
1371 2791 1426 2836 V.
1550 2796 1619 2837 24.
1654 2791 1756 2849 καί]

67 2844 148 2890 καὶ
178 2841 203 2891 ὁ
237 2846 425 2905 BFVp.
545 2852 616 2894 25.
651 2843 777 2907 ὅλος]
812 2844 836 2892 ὁ
871 2843 978 2901 ὅλος
1009 2849 1060 2894 Β.
