1988 3152
185 130 291 183 102
814 131 1151 175 ΣΤΟΙΧΕΙΩΝ
1183 126 1250 174 ς’.

181 254 356 304 ΑΒΓ
410 253 706 320 τρίγωνον·
788 246 1050 320 ἑκάτερον
1112 270 1220 321 αρα
1289 253 1401 304 τῶν
1464 254 1658 319 ΑΒΔ,
1703 253 1884 358 ΑΔΓ

187 336 520 413 [τριγώνων]
565 334 765 406 ὅμοιόν
807 337 957 392 ἐστιν
998 335 1114 408 ὅλῳ
1150 339 1225 412 τῷ
1266 342 1445 393 ΑΒΓ.

294 427 457 495 Λέγω
500 422 596 494 δή,
639 423 723 479 ὅτι
760 423 854 479 καὶ
894 421 1156 495 ἀλλήλοις
1195 425 1346 480 ἐστὶν
1387 425 1552 496 ὅμοια
1582 424 1650 479 τὰ
1683 430 1875 494 ΑΒΔ,

184 519 306 569 ΑΔ
317 517 370 568 Γ
399 516 659 583 τρίγωνα.

126 612 152 652 5
293 599 442 656 Ἐπεὶ
481 599 590 673 γὰρ
632 597 779 673 ὀρθὴ
821 598 855 671 ἡ
896 598 1009 657 ὑπὸ
1047 605 1225 671 ΒΔξΑ
1267 599 1415 674 ὀρθῇ
1456 604 1526 674 τῇ
1563 598 1671 657 ὑπὸ
1704 608 1756 656 Α
1769 606 1884 656 ΔΓ

185 691 337 745 ἐστιν
378 696 497 760 ἴση,
536 686 677 744 ἀλλὰ
717 686 827 760 μὴν
867 689 959 746 καὶ
997 686 1032 760 ἡ
1073 686 1182 745 ὑπὸ
1223 696 1399 745 ΒΑΔ
1437 692 1503 763 τῇ
1542 688 1681 762 πρὸς
1718 692 1794 765 τῷ
1833 694 1885 745 Γ

188 780 415 849 ἐδείχθη
465 784 583 848 ἴση,
630 777 722 832 καὶ
773 775 938 848 λοιπὴ
987 775 1097 848 άρα
1142 775 1175 848 ἡ
1224 776 1365 847 πρὸς
1402 781 1478 854 τῷ
1519 784 1571 833 Β·
1604 781 1769 850 λοιπῇ
1810 781 1876 850 τῇ

186 863 296 921 ὑπὸ
346 870 524 923 ΔΑΓ
564 867 713 922 ἐστιν
762 872 875 935 ἴση·
932 865 1235 936 ἰσογώνιον
1282 865 1391 938 ἄρα
1432 867 1548 923 ἐστὶ
1594 865 1655 922 τὸ
1706 872 1880 921 ΑΒΔ

121 1007 135 1020 ,
185 958 467 1027 τρίγωνον
511 956 588 1030 τῷ
638 961 690 1009 Α
702 958 819 1010 ΔΓ
858 952 1129 1029 τριγώνῳ.
1206 958 1356 1010 ἔστιν
1414 953 1524 1027 ἄρα
1572 952 1644 1020 ὡς
1691 952 1724 1025 ἡ
1766 960 1880 1009 ΒΔ

102 1053 156 1092 10
186 1046 288 1099 τοῦ
329 1048 506 1098 ΑΒΔ
543 1041 821 1114 τριγώνου
852 1039 1227 1099 ὑποτείνουσα
1257 1042 1361 1114 τὴν
1393 1041 1503 1099 ὑπὸ
1538 1049 1647 1098 ΒΑ
1657 1049 1712 1097 Δ
1742 1041 1883 1113 πρὸς

183 1130 287 1203 τὴν
332 1138 448 1187 ΔΑ
486 1133 588 1187 τοῦ
619 1135 801 1187 ΑΔΓ
830 1129 1110 1202 τρνγώνου
1148 1128 1561 1187 ὑποτείνουσαν
1598 1130 1703 1202 τὴν
1742 1129 1881 1202 πρὸς

183 1223 259 1295 τῷ
308 1223 362 1274 Γ
403 1226 533 1291 ἴσην
577 1222 644 1293 τῇ
692 1217 802 1276 ὑπὸ
851 1225 1057 1290 ΒΑΔ,
1107 1220 1286 1285 οὕτως
1337 1218 1476 1291 αὐτὴ
1534 1216 1568 1291 ἡ
1610 1225 1728 1274 ΑΔ
1776 1222 1876 1274 τοῦ

184 1315 364 1365 ΑΒΔ
417 1308 696 1382 τριγώνου
747 1307 1123 1365 ὑποτείνουσα
1184 1306 1287 1379 τὴν
1350 1307 1490 1380 πρὸς
1543 1311 1618 1384 τῷ
1671 1314 1717 1363 Β
1772 1329 1879 1379 γω-

185 1402 316 1454 νίαν
357 1397 497 1471 πρὸς
534 1398 639 1469 τὴν
682 1403 798 1452 ΔΓ
830 1395 1240 1453 ὑποτείνουσαν
1279 1397 1383 1468 τὴν
1422 1394 1533 1452 ὑπὸ
1577 1401 1756 1452 ΔΑΓ
1778 1398 1880 1451 τοῦ

99 1494 154 1534 15
187 1491 369 1542 ΑΔΓ
408 1485 689 1559 τριγώνου
735 1494 864 1557 ἴσην
910 1489 976 1559 τῇ
1025 1484 1164 1558 πρὸς
1207 1489 1282 1561 τῷ
1324 1492 1397 1556 Β,
1447 1485 1540 1541 καὶ
1580 1489 1660 1542 ἔτι
1698 1482 1732 1555 ἡ
1772 1490 1883 1540 ΒΑ

185 1573 326 1647 πρὸς
371 1573 475 1646 τὴν
523 1579 638 1631 ΑΓ
679 1571 1075 1631 ὑποτείνουσαι
1122 1573 1220 1639 τὰς
1267 1573 1466 1647 ὀρθάς]
1523 1574 1722 1647 ὅμοιον
1772 1571 1882 1645 ἄρα

187 1664 302 1719 ἐστὶ
342 1662 404 1719 τὸ
447 1669 629 1719 ΑΒΔ
666 1666 945 1734 τρίγωνον
983 1665 1059 1738 τῷ
1102 1667 1282 1721 ΑΔΓ
1314 1661 1584 1738 τριγώνῳ.

293 1749 428 1807 Ἐὰν
475 1750 586 1823 ἄρα
638 1752 698 1807 ἐν
739 1749 1079 1827 ὀρθογωνίῳ
1124 1750 1376 1827 τριγώνῳ
1418 1749 1529 1808 ἀπὸ
1567 1753 1664 1822 τῆς
1703 1748 1884 1823 ὀρθῆς

186 1845 397 1911 γωνίας
451 1839 538 1895 ἐπὶ
594 1838 698 1910 τὴν
750 1839 920 1910 βάσιν
974 1838 1214 1905 κάθετος
1267 1838 1439 1912 ἀχθῇ,
1491 1838 1558 1895 τὰ
1620 1838 1762 1913 πρὸς
1814 1842 1880 1912 τῇ

99 1937 157 1976 20
188 1929 410 2004 καθέτῳ
448 1931 694 2001 τρίγωνα
734 1927 903 1999 ὅμοιά
942 1930 1056 1984 ἐστι
1093 1931 1170 2004 τῷ
1210 1949 1267 1983 τε
1307 1927 1419 2004 ὅλῳ
1474 1927 1567 1983 καὶ
1618 1924 1881 1999 ἀλλήλοις

193 2017 355 2088 [ὅπερ
394 2019 508 2071 ἔδει
548 2016 761 2084 δεῖξαι]

874 2177 1195 2249 Πόρισμα.

296 2280 386 2337 Ἐκ
435 2281 504 2353 δὴ
553 2280 758 2337 τούτου
805 2280 1083 2353 φανερόν,
1140 2281 1226 2337 ὅτι
1280 2280 1381 2337 ἐὰν
1436 2281 1497 2336 ἐν
1545 2278 1879 2356 ὀρθογωνίῳ

190 2370 445 2445 τριγώνῳ
487 2367 594 2425 ἀπὸ
636 2373 733 2441 τῆς
774 2367 952 2442 ὀρθῆς
989 2373 1198 2440 γωνίας
1238 2369 1324 2425 ἐπὶ
1364 2391 1468 2440 την
1506 2369 1675 2440 βάσιν
1714 2368 1881 2424 κάθε-

100 2472 155 2513 25
191 2481 285 2526 τος
345 2457 521 2531 ἀχθῇ,
584 2455 617 2529 ἡ
682 2456 921 2529 ἀχθεῖσα
982 2461 1095 2513 τῶν
1156 2461 1256 2530 τῆς
1316 2457 1532 2528 βάσεως
1583 2457 1915 2529 τμημάτων*

194 2549 331 2620 μέση
382 2545 667 2616 ἀνάλογόν
721 2548 894 2602 ἐστιν·
942 2547 1080 2617 ὅπερ
1127 2550 1240 2602 ἔδει
1293 2547 1468 2613 δεῖξαι
1509 2545 1624 2615 [καὶ
1664 2549 1742 2601 ἔτι
1788 2550 1883 2617 τῆς

314 2730 351 2768 1.
377 2722 624 2780 τρίγωνον]
650 2737 740 2768 om.
777 2723 913 2782 BFp.
1035 2729 1076 2769 2.
1111 2720 1371 2794 τριγώνων]
1404 2736 1494 2768 om.
1533 2723 1583 2767 Ρ.
1715 2717 1882 2779 ὅμοιόν

193 2779 318 2828 ἐστιν
369 2777 483 2840 ὅλῳ]
532 2795 620 2827 om.
668 2782 723 2827 V.
869 2786 1006 2827 ΑΒΓ
1046 2779 1254 2842 τριγώνῳ
1302 2776 1394 2841 ὅλῳ
1442 2778 1608 2838 ὅμοιόν
1656 2776 1780 2826 ἐστιν
1824 2781 1878 2825 V.

252 2845 294 2886 5.
335 2842 501 2900 BAA]
544 2845 579 2884 Β
621 2854 646 2884 e
688 2854 803 2886 corr.
844 2858 905 2885 m.
945 2847 971 2885 2
1012 2843 1068 2888 V.
1193 2846 1231 2886 7.
1264 2827 1423 2913 λοιπῇ]
1464 2854 1578 2886 corr.
1622 2854 1679 2885 ex
1716 2840 1880 2896 λοιπῆς

195 2916 255 2944 m.
293 2905 316 2945 1
349 2899 397 2945 F.
523 2904 562 2944 8.
597 2895 719 2958 ἐστί]
756 2895 879 2945 ἐστίν
911 2900 1005 2946 PF.
1132 2906 1198 2945 11.
1232 2897 1318 2957 τὴν
1343 2886 1457 2958 ΔΑ]
1484 2899 1538 2958 τῇ
1565 2903 1652 2944 ΔΑ
1677 2899 1734 2953 F;
1767 2913 1881 2943 corr.
