<?xml version="1.0" encoding="UTF-8"?>
<!DOCTYPE html PUBLIC "-//W3C//DTD XHTML 1.0 Transitional//EN"
    "http://www.w3.org/TR/xhtml1/DTD/xhtml1-transitional.dtd">
<html xmlns="http://www.w3.org/1999/xhtml" xml:lang="en" lang="en">
 <head>
  <title>
</title>
<meta http-equiv="Content-Type" content="text/html;charset=utf-8" />
  <meta name='ocr-system' content='tesseract 3.04.00' />
  <meta name='ocr-capabilities' content='ocr_page ocr_carea ocr_par ocr_line ocrx_word'/>
</head>
<body>
  <div class='ocr_page' id='page_1' title='image "./euclidisoperaomn02eucluoft_0396.png"; bbox 0 0 1988 3152; ppageno 0'>
   <div class='ocr_carea' id='block_1_1' title="bbox 185 583 211 622">
    <p class='ocr_par' dir='ltr' id='par_1_1' title="bbox 185 583 211 622">
     <span class='ocr_line' id='line_1_1' title="bbox 185 583 211 622; baseline 0 0"><span class='ocrx_word' id='word_1_1' title='bbox 185 583 211 622; x_wconf 76' lang='grc' dir='ltr'>ὅ</span> 
     </span>
    </p>
   </div>
   <div class='ocr_carea' id='block_1_2' title="bbox 161 1023 212 1061">
    <p class='ocr_par' dir='ltr' id='par_1_2' title="bbox 161 1023 212 1061">
     <span class='ocr_line' id='line_1_2' title="bbox 161 1023 212 1061; baseline 0 0"><span class='ocrx_word' id='word_1_2' title='bbox 161 1023 212 1061; x_wconf 90' lang='grc'><em>10</em></span> 
     </span>
    </p>
   </div>
   <div class='ocr_carea' id='block_1_3' title="bbox 160 1467 213 1504">
    <p class='ocr_par' dir='ltr' id='par_1_3' title="bbox 160 1467 213 1504">
     <span class='ocr_line' id='line_1_3' title="bbox 160 1467 213 1504; baseline 0 0"><span class='ocrx_word' id='word_1_3' title='bbox 160 1467 213 1504; x_wconf 82' lang='lat'><em>15</em></span> 
     </span>
    </p>
   </div>
   <div class='ocr_carea' id='block_1_4' title="bbox 160 2360 216 2399">
    <p class='ocr_par' dir='ltr' id='par_1_4' title="bbox 160 2360 216 2399">
     <span class='ocr_line' id='line_1_4' title="bbox 160 2360 216 2399; baseline 0 0"><span class='ocrx_word' id='word_1_4' title='bbox 160 2360 216 2399; x_wconf 78' lang='lat'><em>25</em></span> 
     </span>
    </p>
   </div>
   <div class='ocr_carea' id='block_1_5' title="bbox 243 89 1310 143">
    <p class='ocr_par' dir='ltr' id='par_1_5' title="bbox 243 89 1310 143">
     <span class='ocr_line' id='line_1_5' title="bbox 243 89 1310 143; baseline -0.007 -1"><span class='ocrx_word' id='word_1_5' title='bbox 243 89 354 143; x_wconf 79' lang='lat'><em>370</em></span> <span class='ocrx_word' id='word_1_6' title='bbox 872 92 1206 139; x_wconf 70' lang='grc' dir='ltr'>ΣΤοΙΧΕΙῼΝ</span> <span class='ocrx_word' id='word_1_7' title='bbox 1237 89 1310 136; x_wconf 75' lang='grc' dir='ltr'><strong>θ’.</strong></span> 
     </span>
    </p>
   </div>
   <div class='ocr_carea' id='block_1_6' title="bbox 241 206 1988 2583">
    <p class='ocr_par' dir='ltr' id='par_1_6' title="bbox 241 206 1988 2583">
     <span class='ocr_line' id='line_1_6' title="bbox 241 206 1935 281; baseline 0.001 -17"><span class='ocrx_word' id='word_1_8' title='bbox 241 226 438 264; x_wconf 88' lang='grc' dir='ltr'><em>νατον·</em></span> <span class='ocrx_word' id='word_1_9' title='bbox 495 206 598 264; x_wconf 83' lang='grc' dir='ltr'><em>οὐκ</em></span> <span class='ocrx_word' id='word_1_10' title='bbox 659 206 767 279; x_wconf 73' lang='grc' dir='ltr'><em>ἄρα</em></span> <span class='ocrx_word' id='word_1_11' title='bbox 813 208 1032 278; x_wconf 79' lang='grc' dir='ltr'><em>πρῶτός</em></span> <span class='ocrx_word' id='word_1_12' title='bbox 1081 211 1231 264; x_wconf 83' lang='grc' dir='ltr'><em>ἐστιν</em></span> <span class='ocrx_word' id='word_1_13' title='bbox 1280 207 1309 265; x_wconf 91' lang='lat'><em>6</em></span> <span class='ocrx_word' id='word_1_14' title='bbox 1359 216 1426 264; x_wconf 90' lang='grc' dir='ltr'><em>Ζ·</em></span> <span class='ocrx_word' id='word_1_15' title='bbox 1481 210 1756 274; x_wconf 82' lang='grc' dir='ltr'><em>σύνθετος</em></span> <span class='ocrx_word' id='word_1_16' title='bbox 1810 209 1935 281; x_wconf 74' lang='grc' dir='ltr'><em>ἄρα.</em></span> 
     </span>
     <span class='ocr_line' id='line_1_7' title="bbox 242 294 1937 368; baseline 0.001 -16"><span class='ocrx_word' id='word_1_17' title='bbox 242 294 388 362; x_wconf 79' lang='grc' dir='ltr'><em>ἅπας</em></span> <span class='ocrx_word' id='word_1_18' title='bbox 439 296 501 352; x_wconf 73' lang='grc' dir='ltr'><em>δὲ</em></span> <span class='ocrx_word' id='word_1_19' title='bbox 543 295 818 362; x_wconf 81' lang='grc' dir='ltr'><em>σύνθετος</em></span> <span class='ocrx_word' id='word_1_20' title='bbox 856 295 1102 368; x_wconf 76' lang='grc' dir='ltr'><em>ἀριθμὸς</em></span> <span class='ocrx_word' id='word_1_21' title='bbox 1140 296 1250 353; x_wconf 84' lang='grc' dir='ltr'><em>ὑπὸ</em></span> <span class='ocrx_word' id='word_1_22' title='bbox 1300 298 1526 368; x_wconf 80' lang='grc' dir='ltr'><strong><em>πρώτου</em></strong></span> <span class='ocrx_word' id='word_1_23' title='bbox 1574 297 1728 362; x_wconf 86' lang='grc' dir='ltr'><em>τινὸς</em></span> <span class='ocrx_word' id='word_1_24' title='bbox 1773 295 1937 365; x_wconf 82' lang='grc' dir='ltr'><em>άριθ-</em></span> 
     </span>
     <span class='ocr_line' id='line_1_8' title="bbox 242 383 1936 457; baseline -0.001 -15"><span class='ocrx_word' id='word_1_25' title='bbox 242 389 352 457; x_wconf 84' lang='grc' dir='ltr'><em>μοῦ</em></span> <span class='ocrx_word' id='word_1_26' title='bbox 400 396 697 456; x_wconf 79' lang='grc' dir='ltr'><em>μετρεῖται·</em></span> <span class='ocrx_word' id='word_1_27' title='bbox 747 383 776 441; x_wconf 90' lang='lat'><em>6</em></span> <span class='ocrx_word' id='word_1_28' title='bbox 825 392 870 440; x_wconf 92' lang='grc' dir='ltr'><em>Ζ</em></span> <span class='ocrx_word' id='word_1_29' title='bbox 917 385 1026 456; x_wconf 78' lang='grc' dir='ltr'><em>ἄρα</em></span> <span class='ocrx_word' id='word_1_30' title='bbox 1065 384 1175 442; x_wconf 82' lang='grc' dir='ltr'><em>ὑπὸ</em></span> <span class='ocrx_word' id='word_1_31' title='bbox 1214 386 1439 456; x_wconf 78' lang='grc' dir='ltr'><em>πρώτου</em></span> <span class='ocrx_word' id='word_1_32' title='bbox 1484 386 1637 451; x_wconf 86' lang='grc' dir='ltr'><em>τινὸς</em></span> <span class='ocrx_word' id='word_1_33' title='bbox 1683 385 1936 457; x_wconf 80' lang='grc' dir='ltr'><em>ἀριθμοῦ</em></span> 
     </span>
     <span class='ocr_line' id='line_1_9' title="bbox 243 472 1937 547; baseline 0.001 -18"><span class='ocrx_word' id='word_1_34' title='bbox 243 485 532 546; x_wconf 79' lang='grc' dir='ltr'><em>μετρεῖται.</em></span> <span class='ocrx_word' id='word_1_35' title='bbox 610 474 751 545; x_wconf 77' lang='grc' dir='ltr'><em>λέγω</em></span> <span class='ocrx_word' id='word_1_36' title='bbox 802 473 898 545; x_wconf 81' lang='grc' dir='ltr'><em>δή,</em></span> <span class='ocrx_word' id='word_1_37' title='bbox 948 473 1033 530; x_wconf 81' lang='grc' dir='ltr'><em>ὅτι</em></span> <span class='ocrx_word' id='word_1_38' title='bbox 1072 472 1173 545; x_wconf 78' lang='grc' dir='ltr'><em>ὑφ’</em></span> <span class='ocrx_word' id='word_1_39' title='bbox 1226 475 1418 547; x_wconf 83' lang='grc' dir='ltr'><em>ἑτέρου</em></span> <span class='ocrx_word' id='word_1_40' title='bbox 1456 473 1682 543; x_wconf 78' lang='grc' dir='ltr'><em>πρώτου</em></span> <span class='ocrx_word' id='word_1_41' title='bbox 1730 473 1798 530; x_wconf 81' lang='grc' dir='ltr'><em>οὐ</em></span> <span class='ocrx_word' id='word_1_42' title='bbox 1846 497 1937 546; x_wconf 90' lang='grc' dir='ltr'><em>με-</em></span> 
     </span>
     <span class='ocr_line' id='line_1_10' title="bbox 244 561 1988 638; baseline 0.002 -22"><span class='ocrx_word' id='word_1_43' title='bbox 244 561 584 634; x_wconf 84' lang='grc' dir='ltr'><em>τρηθήσεται</em></span> <span class='ocrx_word' id='word_1_44' title='bbox 636 561 781 633; x_wconf 85' lang='grc' dir='ltr'><em>πλὴν</em></span> <span class='ocrx_word' id='word_1_45' title='bbox 827 566 928 618; x_wconf 83' lang='grc' dir='ltr'><em>τοῦ</em></span> <span class='ocrx_word' id='word_1_46' title='bbox 980 571 1046 618; x_wconf 96' lang='lat' dir='ltr'><em>A.</em></span> <span class='ocrx_word' id='word_1_47' title='bbox 1124 567 1175 618; x_wconf 86' lang='grc' dir='ltr'><em>εἰ</em></span> <span class='ocrx_word' id='word_1_48' title='bbox 1222 562 1330 635; x_wconf 78' lang='grc' dir='ltr'><em>γὰρ</em></span> <span class='ocrx_word' id='word_1_49' title='bbox 1371 563 1556 635; x_wconf 80' lang='grc' dir='ltr'><em>ἕτερός</em></span> <span class='ocrx_word' id='word_1_50' title='bbox 1600 584 1683 628; x_wconf 87' lang='grc' dir='ltr'><em>τις</em></span> <span class='ocrx_word' id='word_1_51' title='bbox 1720 567 1939 633; x_wconf 79' lang='grc' dir='ltr'><em>πρῶτος</em></span> <span class='ocrx_word' id='word_1_52' title='bbox 1978 591 1988 638; x_wconf 60' lang='lat' dir='ltr'><em>g</em></span> 
     </span>
     <span class='ocr_line' id='line_1_11' title="bbox 241 647 1988 723; baseline 0.002 -19"><span class='ocrx_word' id='word_1_53' title='bbox 241 648 344 704; x_wconf 89' lang='grc' dir='ltr'><em>τὸν</em></span> <span class='ocrx_word' id='word_1_54' title='bbox 392 655 439 703; x_wconf 95' lang='grc' dir='ltr'><strong><em>Ζ</em></strong></span> <span class='ocrx_word' id='word_1_55' title='bbox 485 661 693 722; x_wconf 81' lang='grc' dir='ltr'><em>μετρεῖ,</em></span> <span class='ocrx_word' id='word_1_56' title='bbox 745 647 774 705; x_wconf 95' lang='lat'><em>6</em></span> <span class='ocrx_word' id='word_1_57' title='bbox 825 650 886 705; x_wconf 77' lang='grc' dir='ltr'><em>δὲ</em></span> <span class='ocrx_word' id='word_1_58' title='bbox 937 657 981 705; x_wconf 92' lang='grc' dir='ltr'>Ζ</span> <span class='ocrx_word' id='word_1_59' title='bbox 1020 650 1122 706; x_wconf 87' lang='grc' dir='ltr'><em>τὸν</em></span> <span class='ocrx_word' id='word_1_60' title='bbox 1163 658 1218 705; x_wconf 90' lang='grc' dir='ltr'><em>Δ</em></span> <span class='ocrx_word' id='word_1_61' title='bbox 1267 663 1476 723; x_wconf 80' lang='grc' dir='ltr'><em>μετρεῖ,</em></span> <span class='ocrx_word' id='word_1_62' title='bbox 1524 649 1782 716; x_wconf 81' lang='grc' dir='ltr'><em>κάκεῖνος</em></span> <span class='ocrx_word' id='word_1_63' title='bbox 1828 651 1938 722; x_wconf 75' lang='grc' dir='ltr'><em>ἄρα</em></span> <span class='ocrx_word' id='word_1_64' title='bbox 1980 667 1988 690; x_wconf 67' lang='lat'><em>³</em></span> 
     </span>
     <span class='ocr_line' id='line_1_12' title="bbox 242 735 1988 812; baseline 0.002 -20"><span class='ocrx_word' id='word_1_65' title='bbox 242 736 343 793; x_wconf 85' lang='grc' dir='ltr'><em>τὸν</em></span> <span class='ocrx_word' id='word_1_66' title='bbox 391 744 448 792; x_wconf 89' lang='grc' dir='ltr'><em>Δ</em></span> <span class='ocrx_word' id='word_1_67' title='bbox 495 738 774 810; x_wconf 81' lang='grc' dir='ltr'><em>μετρήσει·</em></span> <span class='ocrx_word' id='word_1_68' title='bbox 831 737 972 794; x_wconf 73' lang='grc' dir='ltr'><em>ὥστε</em></span> <span class='ocrx_word' id='word_1_69' title='bbox 1026 740 1118 793; x_wconf 83' lang='grc' dir='ltr'><em>καὶ</em></span> <span class='ocrx_word' id='word_1_70' title='bbox 1164 738 1264 795; x_wconf 86' lang='grc' dir='ltr'><em>τὸν</em></span> <span class='ocrx_word' id='word_1_71' title='bbox 1303 747 1356 794; x_wconf 93' lang='grc' dir='ltr'><em>Α</em></span> <span class='ocrx_word' id='word_1_72' title='bbox 1402 739 1662 812; x_wconf 83' lang='grc' dir='ltr'><em>μετρήσει</em></span> <span class='ocrx_word' id='word_1_73' title='bbox 1714 743 1938 810; x_wconf 77' lang='grc' dir='ltr'><em>πρῶτον</em></span> <span class='ocrx_word' id='word_1_74' title='bbox 1981 735 1988 742; x_wconf 46' lang='grc'><strong>”</strong></span> 
     </span>
     <span class='ocr_line' id='line_1_13' title="bbox 243 824 1938 903; baseline 0.001 -21"><span class='ocrx_word' id='word_1_75' title='bbox 243 826 379 883; x_wconf 75' lang='grc' dir='ltr'><em>ὄντα</em></span> <span class='ocrx_word' id='word_1_76' title='bbox 439 827 514 899; x_wconf 84' lang='grc' dir='ltr'><em>μὴ</em></span> <span class='ocrx_word' id='word_1_77' title='bbox 569 824 649 883; x_wconf 72' lang='grc' dir='ltr'><em>ὢν</em></span> <span class='ocrx_word' id='word_1_78' title='bbox 698 825 848 903; x_wconf 79' lang='grc' dir='ltr'><em>αὐτῷ</em></span> <span class='ocrx_word' id='word_1_79' title='bbox 900 824 929 883; x_wconf 90' lang='lat'><em>6</em></span> <span class='ocrx_word' id='word_1_80' title='bbox 986 824 1173 893; x_wconf 81' lang='grc' dir='ltr'><em>αὐτός·</em></span> <span class='ocrx_word' id='word_1_81' title='bbox 1238 826 1371 898; x_wconf 80' lang='grc' dir='ltr'><em>ὅπερ</em></span> <span class='ocrx_word' id='word_1_82' title='bbox 1429 829 1579 884; x_wconf 84' lang='grc' dir='ltr'><em>ἐστὶν</em></span> <span class='ocrx_word' id='word_1_83' title='bbox 1638 826 1938 884; x_wconf 76' lang='grc' dir='ltr'><em>ἀδύνατον.</em></span> 
     </span>
     <span class='ocr_line' id='line_1_14' title="bbox 244 914 1944 989; baseline 0.001 -18"><span class='ocrx_word' id='word_1_84' title='bbox 244 914 273 972; x_wconf 90' lang='lat'><em>6</em></span> <span class='ocrx_word' id='word_1_85' title='bbox 315 923 369 971; x_wconf 94' lang='lat' dir='ltr'><em>A</em></span> <span class='ocrx_word' id='word_1_86' title='bbox 408 914 518 988; x_wconf 74' lang='grc' dir='ltr'><em>ἄρα</em></span> <span class='ocrx_word' id='word_1_87' title='bbox 557 915 657 972; x_wconf 89' lang='grc' dir='ltr'><em>τὸν</em></span> <span class='ocrx_word' id='word_1_88' title='bbox 698 923 743 971; x_wconf 94' lang='grc' dir='ltr'><strong><em>Ζ</em></strong></span> <span class='ocrx_word' id='word_1_89' title='bbox 783 927 983 989; x_wconf 88' lang='grc' dir='ltr'><em>μετρεῖ.</em></span> <span class='ocrx_word' id='word_1_90' title='bbox 1059 916 1153 971; x_wconf 87' lang='grc' dir='ltr'><em>καὶ</em></span> <span class='ocrx_word' id='word_1_91' title='bbox 1194 916 1311 972; x_wconf 86' lang='grc' dir='ltr'><em>ἐπεὶ</em></span> <span class='ocrx_word' id='word_1_92' title='bbox 1352 914 1380 972; x_wconf 91' lang='lat'><em>6</em></span> <span class='ocrx_word' id='word_1_93' title='bbox 1423 923 1475 971; x_wconf 90' lang='grc' dir='ltr'><em>Ε</em></span> <span class='ocrx_word' id='word_1_94' title='bbox 1509 915 1609 973; x_wconf 87' lang='grc' dir='ltr'><em>τὸν</em></span> <span class='ocrx_word' id='word_1_95' title='bbox 1659 924 1705 971; x_wconf 81' lang='grc' dir='ltr'><em>Δ</em></span> <span class='ocrx_word' id='word_1_96' title='bbox 1753 928 1944 988; x_wconf 87' lang='grc' dir='ltr'><em>μετρεῖ</em></span> 
     </span>
     <span class='ocr_line' id='line_1_15' title="bbox 245 1002 1940 1076; baseline 0 -16"><span class='ocrx_word' id='word_1_97' title='bbox 245 1003 382 1061; x_wconf 85' lang='grc' dir='ltr'><em>κατὰ</em></span> <span class='ocrx_word' id='word_1_98' title='bbox 423 1003 524 1060; x_wconf 88' lang='grc' dir='ltr'><em>τὸν</em></span> <span class='ocrx_word' id='word_1_99' title='bbox 565 1011 635 1076; x_wconf 98' lang='grc' dir='ltr'><em>Ζ,</em></span> <span class='ocrx_word' id='word_1_100' title='bbox 677 1002 706 1060; x_wconf 90' lang='lat'><em>6</em></span> <span class='ocrx_word' id='word_1_101' title='bbox 749 1011 802 1060; x_wconf 90' lang='lat' dir='ltr'><em>E</em></span> <span class='ocrx_word' id='word_1_102' title='bbox 837 1003 946 1075; x_wconf 88' lang='grc' dir='ltr'><em>άρα</em></span> <span class='ocrx_word' id='word_1_103' title='bbox 985 1003 1087 1060; x_wconf 85' lang='grc' dir='ltr'><em>τὸν</em></span> <span class='ocrx_word' id='word_1_104' title='bbox 1128 1010 1174 1059; x_wconf 93' lang='grc' dir='ltr'>Ζ</span> <span class='ocrx_word' id='word_1_105' title='bbox 1212 1005 1702 1070; x_wconf 79' lang='grc' dir='ltr'><em>πολλαπλασιάσας</em></span> <span class='ocrx_word' id='word_1_106' title='bbox 1741 1005 1841 1061; x_wconf 87' lang='grc' dir='ltr'><em>τὸν</em></span> <span class='ocrx_word' id='word_1_107' title='bbox 1884 1011 1940 1060; x_wconf 90' lang='grc' dir='ltr'><em>Δ</em></span> 
     </span>
     <span class='ocr_line' id='line_1_16' title="bbox 243 1048 1938 1164; baseline 0.001 -16"><span class='ocrx_word' id='word_1_108' title='bbox 243 1098 559 1164; x_wconf 82' lang='grc' dir='ltr'><em>πεποίηκεν.</em></span> <span class='ocrx_word' id='word_1_109' title='bbox 619 1048 776 1148; x_wconf 59' lang='lat' dir='ltr'><em>’duda</em></span> <span class='ocrx_word' id='word_1_110' title='bbox 818 1093 932 1164; x_wconf 90' lang='grc' dir='ltr'><em>μὴν</em></span> <span class='ocrx_word' id='word_1_111' title='bbox 961 1091 1118 1149; x_wconf 84' lang='grc' dir='ltr'><em>καὶὸ</em></span> <span class='ocrx_word' id='word_1_112' title='bbox 1152 1101 1206 1148; x_wconf 93' lang='lat' dir='ltr'><em>A</em></span> <span class='ocrx_word' id='word_1_113' title='bbox 1235 1092 1336 1150; x_wconf 84' lang='grc' dir='ltr'><em>τὸν</em></span> <span class='ocrx_word' id='word_1_114' title='bbox 1368 1099 1421 1150; x_wconf 92' lang='grc' dir='ltr'><strong><em>Γ</em></strong></span> <span class='ocrx_word' id='word_1_115' title='bbox 1452 1093 1938 1160; x_wconf 81' lang='grc' dir='ltr'><em>πολλαπλασιάσας</em></span> 
     </span>
     <span class='ocr_line' id='line_1_17' title="bbox 243 1180 1988 1258; baseline 0.002 -22"><span class='ocrx_word' id='word_1_116' title='bbox 243 1180 344 1237; x_wconf 87' lang='grc' dir='ltr'><em>τὸν</em></span> <span class='ocrx_word' id='word_1_117' title='bbox 386 1189 442 1236; x_wconf 92' lang='grc' dir='ltr'><em>Δ</em></span> <span class='ocrx_word' id='word_1_118' title='bbox 481 1186 802 1253; x_wconf 84' lang='grc' dir='ltr'><em>πεποίηκεν·</em></span> <span class='ocrx_word' id='word_1_119' title='bbox 851 1180 880 1238; x_wconf 90' lang='lat'><em>6</em></span> <span class='ocrx_word' id='word_1_120' title='bbox 930 1181 1040 1255; x_wconf 91' lang='grc' dir='ltr'><em>άρα</em></span> <span class='ocrx_word' id='word_1_121' title='bbox 1080 1184 1139 1238; x_wconf 84' lang='grc' dir='ltr'><em>ἐκ</em></span> <span class='ocrx_word' id='word_1_122' title='bbox 1177 1186 1291 1238; x_wconf 82' lang='grc' dir='ltr'><em>τῶν</em></span> <span class='ocrx_word' id='word_1_123' title='bbox 1330 1190 1408 1253; x_wconf 92' lang='grc' dir='ltr'><em>Α,</em></span> <span class='ocrx_word' id='word_1_124' title='bbox 1441 1187 1494 1237; x_wconf 92' lang='grc' dir='ltr'>Γ</span> <span class='ocrx_word' id='word_1_125' title='bbox 1538 1189 1658 1247; x_wconf 73' lang='grc' dir='ltr'><em>ἴσος</em></span> <span class='ocrx_word' id='word_1_126' title='bbox 1697 1182 1811 1238; x_wconf 82' lang='grc' dir='ltr'><em>ἐστὶ</em></span> <span class='ocrx_word' id='word_1_127' title='bbox 1861 1186 1937 1258; x_wconf 76' lang='grc' dir='ltr'><em>τῷ</em></span> <span class='ocrx_word' id='word_1_128' title='bbox 1984 1196 1988 1197; x_wconf 69' lang='grc'>’</span> 
     </span>
     <span class='ocr_line' id='line_1_18' title="bbox 245 1268 1939 1341; baseline 0.001 -15"><span class='ocrx_word' id='word_1_129' title='bbox 245 1271 305 1326; x_wconf 83' lang='grc' dir='ltr'><em>ἐκ</em></span> <span class='ocrx_word' id='word_1_130' title='bbox 334 1272 450 1325; x_wconf 79' lang='grc' dir='ltr'><em>τῶν</em></span> <span class='ocrx_word' id='word_1_131' title='bbox 490 1276 557 1340; x_wconf 91' lang='grc' dir='ltr'><em>Ε,</em></span> <span class='ocrx_word' id='word_1_132' title='bbox 592 1276 651 1326; x_wconf 90' lang='grc' dir='ltr'><em>Ζ.</em></span> <span class='ocrx_word' id='word_1_133' title='bbox 721 1268 1004 1341; x_wconf 80' lang='grc' dir='ltr'><em>ἀνάλογον</em></span> <span class='ocrx_word' id='word_1_134' title='bbox 1044 1269 1155 1340; x_wconf 88' lang='grc' dir='ltr'><em>άρα</em></span> <span class='ocrx_word' id='word_1_135' title='bbox 1196 1270 1346 1326; x_wconf 85' lang='grc' dir='ltr'><em>ἐστὶν</em></span> <span class='ocrx_word' id='word_1_136' title='bbox 1387 1270 1462 1335; x_wconf 76' lang='grc' dir='ltr'><em>ὡς</em></span> <span class='ocrx_word' id='word_1_137' title='bbox 1502 1268 1531 1326; x_wconf 90' lang='lat'><em>6</em></span> <span class='ocrx_word' id='word_1_138' title='bbox 1574 1279 1626 1326; x_wconf 94' lang='lat' dir='ltr'><em>A</em></span> <span class='ocrx_word' id='word_1_139' title='bbox 1664 1270 1801 1341; x_wconf 88' lang='grc' dir='ltr'><em>πρὸς</em></span> <span class='ocrx_word' id='word_1_140' title='bbox 1838 1270 1939 1327; x_wconf 88' lang='grc' dir='ltr'><em>τὸν</em></span> 
     </span>
     <span class='ocr_line' id='line_1_19' title="bbox 247 1355 1939 1431; baseline 0.002 -19"><span class='ocrx_word' id='word_1_141' title='bbox 247 1364 319 1428; x_wconf 89' lang='grc' dir='ltr'><em>Ε,</em></span> <span class='ocrx_word' id='word_1_142' title='bbox 369 1357 547 1423; x_wconf 78' lang='grc' dir='ltr'><em>οὕτως</em></span> <span class='ocrx_word' id='word_1_143' title='bbox 594 1355 623 1413; x_wconf 90' lang='lat'><em>6</em></span> <span class='ocrx_word' id='word_1_144' title='bbox 672 1363 718 1412; x_wconf 93' lang='lat' dir='ltr'><strong><em>Z</em></strong></span> <span class='ocrx_word' id='word_1_145' title='bbox 763 1357 904 1430; x_wconf 90' lang='grc' dir='ltr'><em>πρὸς</em></span> <span class='ocrx_word' id='word_1_146' title='bbox 951 1360 1049 1414; x_wconf 88' lang='grc' dir='ltr'><em>τὸν</em></span> <span class='ocrx_word' id='word_1_147' title='bbox 1095 1363 1156 1414; x_wconf 92' lang='grc' dir='ltr'><em>Γ.</em></span> <span class='ocrx_word' id='word_1_148' title='bbox 1234 1357 1263 1415; x_wconf 89' lang='lat'><em>6</em></span> <span class='ocrx_word' id='word_1_149' title='bbox 1314 1358 1375 1414; x_wconf 76' lang='grc' dir='ltr'><em>δὲ</em></span> <span class='ocrx_word' id='word_1_150' title='bbox 1415 1365 1469 1413; x_wconf 90' lang='lat' dir='ltr'><em>A</em></span> <span class='ocrx_word' id='word_1_151' title='bbox 1506 1358 1606 1414; x_wconf 90' lang='grc' dir='ltr'><em>τὸν</em></span> <span class='ocrx_word' id='word_1_152' title='bbox 1648 1366 1699 1414; x_wconf 90' lang='grc' dir='ltr'>Ε</span> <span class='ocrx_word' id='word_1_153' title='bbox 1734 1371 1939 1431; x_wconf 86' lang='grc' dir='ltr'><em>μετρεῖ·</em></span> 
     </span>
     <span class='ocr_line' id='line_1_20' title="bbox 243 1445 1943 1522; baseline 0.001 -21"><span class='ocrx_word' id='word_1_154' title='bbox 243 1446 338 1502; x_wconf 86' lang='grc' dir='ltr'><em>καὶ</em></span> <span class='ocrx_word' id='word_1_155' title='bbox 394 1445 424 1501; x_wconf 97' lang='lat'><em>6</em></span> <span class='ocrx_word' id='word_1_156' title='bbox 475 1452 520 1501; x_wconf 93' lang='grc' dir='ltr'>Ζ</span> <span class='ocrx_word' id='word_1_157' title='bbox 573 1445 682 1518; x_wconf 82' lang='grc' dir='ltr'><em>ἄρα</em></span> <span class='ocrx_word' id='word_1_158' title='bbox 727 1446 827 1502; x_wconf 85' lang='grc' dir='ltr'><em>τὸν</em></span> <span class='ocrx_word' id='word_1_159' title='bbox 874 1452 927 1502; x_wconf 93' lang='grc' dir='ltr'><em>Γ</em></span> <span class='ocrx_word' id='word_1_160' title='bbox 971 1459 1170 1519; x_wconf 87' lang='grc' dir='ltr'><em>μετρεῖ.</em></span> <span class='ocrx_word' id='word_1_161' title='bbox 1256 1453 1517 1522; x_wconf 88' lang='grc' dir='ltr'><em>μετρείτω</em></span> <span class='ocrx_word' id='word_1_162' title='bbox 1574 1446 1749 1503; x_wconf 83' lang='grc' dir='ltr'><em>αὐτὸν</em></span> <span class='ocrx_word' id='word_1_163' title='bbox 1804 1447 1943 1503; x_wconf 82' lang='grc' dir='ltr'><em>κατὰ</em></span> 
     </span>
     <span class='ocr_line' id='line_1_21' title="bbox 245 1532 1942 1607; baseline 0.002 -18"><span class='ocrx_word' id='word_1_164' title='bbox 245 1534 345 1591; x_wconf 85' lang='grc' dir='ltr'><em>τὸν</em></span> <span class='ocrx_word' id='word_1_165' title='bbox 394 1540 467 1589; x_wconf 91' lang='grc' dir='ltr'><em>Η.</em></span> <span class='ocrx_word' id='word_1_166' title='bbox 545 1532 750 1606; x_wconf 87' lang='grc' dir='ltr'><em>ὁμοίως</em></span> <span class='ocrx_word' id='word_1_167' title='bbox 796 1534 866 1606; x_wconf 79' lang='grc' dir='ltr'><em>δὴ</em></span> <span class='ocrx_word' id='word_1_168' title='bbox 916 1539 1197 1607; x_wconf 81' lang='grc' dir='ltr'><em>δείξομεν,</em></span> <span class='ocrx_word' id='word_1_169' title='bbox 1253 1534 1338 1592; x_wconf 80' lang='grc' dir='ltr'><em>ὅτι</em></span> <span class='ocrx_word' id='word_1_170' title='bbox 1393 1534 1422 1592; x_wconf 90' lang='lat'><em>6</em></span> <span class='ocrx_word' id='word_1_171' title='bbox 1472 1541 1538 1591; x_wconf 93' lang='lat' dir='ltr'><em>H</em></span> <span class='ocrx_word' id='word_1_172' title='bbox 1577 1533 1772 1591; x_wconf 82' lang='grc' dir='ltr'><em>οὐδενὶ</em></span> <span class='ocrx_word' id='word_1_173' title='bbox 1828 1541 1942 1593; x_wconf 82' lang='grc' dir='ltr'><em>τῶν</em></span> 
     </span>
     <span class='ocr_line' id='line_1_22' title="bbox 246 1621 1942 1697; baseline 0.002 -19"><span class='ocrx_word' id='word_1_174' title='bbox 246 1630 323 1694; x_wconf 91' lang='lat' dir='ltr'><em>A,</em></span> <span class='ocrx_word' id='word_1_175' title='bbox 356 1629 403 1678; x_wconf 89' lang='grc' dir='ltr'><strong><em>Β</em></strong></span> <span class='ocrx_word' id='word_1_176' title='bbox 455 1625 606 1679; x_wconf 81' lang='grc' dir='ltr'><em>ἐστιν</em></span> <span class='ocrx_word' id='word_1_177' title='bbox 655 1621 684 1679; x_wconf 91' lang='lat'><em>6</em></span> <span class='ocrx_word' id='word_1_178' title='bbox 735 1622 928 1693; x_wconf 82' lang='grc' dir='ltr'><em>αὐτός,</em></span> <span class='ocrx_word' id='word_1_179' title='bbox 977 1625 1069 1679; x_wconf 84' lang='grc' dir='ltr'><em>καὶ</em></span> <span class='ocrx_word' id='word_1_180' title='bbox 1117 1623 1202 1680; x_wconf 81' lang='grc' dir='ltr'><em>ὅτι</em></span> <span class='ocrx_word' id='word_1_181' title='bbox 1242 1635 1516 1697; x_wconf 87' lang='grc' dir='ltr'><em>μετρεῖται</em></span> <span class='ocrx_word' id='word_1_182' title='bbox 1562 1622 1675 1679; x_wconf 87' lang='grc' dir='ltr'><em>ὑπὸ</em></span> <span class='ocrx_word' id='word_1_183' title='bbox 1725 1627 1827 1680; x_wconf 85' lang='grc' dir='ltr'><em>τοῦ</em></span> <span class='ocrx_word' id='word_1_184' title='bbox 1876 1632 1942 1682; x_wconf 94' lang='grc' dir='ltr'><em>Α.</em></span> 
     </span>
     <span class='ocr_line' id='line_1_23' title="bbox 244 1711 1988 1785; baseline 0.001 -18"><span class='ocrx_word' id='word_1_185' title='bbox 244 1711 337 1767; x_wconf 84' lang='grc' dir='ltr'><em>καὶ</em></span> <span class='ocrx_word' id='word_1_186' title='bbox 393 1712 508 1768; x_wconf 82' lang='grc' dir='ltr'><em>ἐπεὶ</em></span> <span class='ocrx_word' id='word_1_187' title='bbox 556 1712 587 1767; x_wconf 91' lang='lat'><em>6</em></span> <span class='ocrx_word' id='word_1_188' title='bbox 636 1719 682 1767; x_wconf 95' lang='lat' dir='ltr'>Z</span> <span class='ocrx_word' id='word_1_189' title='bbox 733 1711 833 1768; x_wconf 89' lang='grc' dir='ltr'><em>τὸν</em></span> <span class='ocrx_word' id='word_1_190' title='bbox 884 1718 938 1768; x_wconf 93' lang='grc' dir='ltr'><em>Γ</em></span> <span class='ocrx_word' id='word_1_191' title='bbox 978 1725 1167 1785; x_wconf 90' lang='grc' dir='ltr'><em>μετρεῖ</em></span> <span class='ocrx_word' id='word_1_192' title='bbox 1213 1715 1350 1769; x_wconf 81' lang='grc' dir='ltr'><em>κατὰ</em></span> <span class='ocrx_word' id='word_1_193' title='bbox 1389 1711 1490 1769; x_wconf 90' lang='grc' dir='ltr'><em>τὸν</em></span> <span class='ocrx_word' id='word_1_194' title='bbox 1529 1718 1612 1784; x_wconf 91' lang='grc' dir='ltr'><em>Η,</em></span> <span class='ocrx_word' id='word_1_195' title='bbox 1662 1713 1692 1768; x_wconf 92' lang='lat'><em>6</em></span> <span class='ocrx_word' id='word_1_196' title='bbox 1742 1719 1788 1767; x_wconf 95' lang='lat' dir='ltr'><strong>Z</strong></span> <span class='ocrx_word' id='word_1_197' title='bbox 1835 1711 1944 1785; x_wconf 76' lang='grc' dir='ltr'><em>ἄρα</em></span> <span class='ocrx_word' id='word_1_198' title='bbox 1986 1771 1988 1775; x_wconf 66' lang='grc'>,</span> 
     </span>
     <span class='ocr_line' id='line_1_24' title="bbox 244 1799 1946 1874; baseline 0.001 -19"><span class='ocrx_word' id='word_1_199' title='bbox 244 1799 346 1856; x_wconf 90' lang='grc' dir='ltr'><em>τὸν</em></span> <span class='ocrx_word' id='word_1_200' title='bbox 393 1805 460 1856; x_wconf 92' lang='grc' dir='ltr'>Η</span> <span class='ocrx_word' id='word_1_201' title='bbox 498 1801 987 1868; x_wconf 78' lang='grc' dir='ltr'><em>πολλαπλασιάσας</em></span> <span class='ocrx_word' id='word_1_202' title='bbox 1026 1801 1127 1858; x_wconf 88' lang='grc' dir='ltr'><em>τὸν</em></span> <span class='ocrx_word' id='word_1_203' title='bbox 1166 1808 1220 1858; x_wconf 91' lang='grc' dir='ltr'><em>Γ</em></span> <span class='ocrx_word' id='word_1_204' title='bbox 1260 1804 1574 1874; x_wconf 79' lang='grc' dir='ltr'><em>πεποίῆκεν.</em></span> <span class='ocrx_word' id='word_1_205' title='bbox 1654 1800 1793 1857; x_wconf 79' lang='grc' dir='ltr'><em>ἀλλὰ</em></span> <span class='ocrx_word' id='word_1_206' title='bbox 1832 1801 1946 1874; x_wconf 85' lang='grc' dir='ltr'><em>μὴν</em></span> 
     </span>
     <span class='ocr_line' id='line_1_25' title="bbox 244 1888 1944 1961; baseline 0.002 -18"><span class='ocrx_word' id='word_1_207' title='bbox 244 1888 338 1944; x_wconf 82' lang='grc' dir='ltr'><em>καὶ</em></span> <span class='ocrx_word' id='word_1_208' title='bbox 387 1888 418 1944; x_wconf 92' lang='lat'><em>6</em></span> <span class='ocrx_word' id='word_1_209' title='bbox 465 1896 519 1944; x_wconf 93' lang='lat' dir='ltr'><em>A</em></span> <span class='ocrx_word' id='word_1_210' title='bbox 568 1889 667 1945; x_wconf 89' lang='grc' dir='ltr'><em>τὸν</em></span> <span class='ocrx_word' id='word_1_211' title='bbox 722 1896 768 1945; x_wconf 91' lang='grc' dir='ltr'><strong><em>Β</em></strong></span> <span class='ocrx_word' id='word_1_212' title='bbox 824 1891 1313 1957; x_wconf 84' lang='grc' dir='ltr'><em>πολλαπλασιάσας</em></span> <span class='ocrx_word' id='word_1_213' title='bbox 1365 1889 1465 1947; x_wconf 87' lang='grc' dir='ltr'><em>τὸν</em></span> <span class='ocrx_word' id='word_1_214' title='bbox 1519 1895 1572 1946; x_wconf 94' lang='grc' dir='ltr'><em>Γ</em></span> <span class='ocrx_word' id='word_1_215' title='bbox 1620 1895 1944 1961; x_wconf 84' lang='grc' dir='ltr'><em>πεποίηκεν·</em></span> 
     </span>
     <span class='ocr_line' id='line_1_26' title="bbox 248 1977 1947 2057; baseline 0.001 -25"><span class='ocrx_word' id='word_1_216' title='bbox 248 1977 276 2032; x_wconf 91' lang='lat'><em>6</em></span> <span class='ocrx_word' id='word_1_217' title='bbox 312 1999 421 2050; x_wconf 92' lang='grc' dir='ltr'><em>αρα</em></span> <span class='ocrx_word' id='word_1_218' title='bbox 464 1980 522 2034; x_wconf 82' lang='grc' dir='ltr'><em>ἐκ</em></span> <span class='ocrx_word' id='word_1_219' title='bbox 562 1981 674 2035; x_wconf 78' lang='grc' dir='ltr'><em>τῶν</em></span> <span class='ocrx_word' id='word_1_220' title='bbox 717 1986 783 2049; x_wconf 92' lang='lat' dir='ltr'><em>A,</em></span> <span class='ocrx_word' id='word_1_221' title='bbox 816 1985 863 2034; x_wconf 93' lang='grc' dir='ltr'><strong>Β</strong></span> <span class='ocrx_word' id='word_1_222' title='bbox 905 1985 1027 2045; x_wconf 79' lang='grc' dir='ltr'><em>ἴσος</em></span> <span class='ocrx_word' id='word_1_223' title='bbox 1066 1980 1180 2036; x_wconf 82' lang='grc' dir='ltr'><em>ἐστὶ</em></span> <span class='ocrx_word' id='word_1_224' title='bbox 1218 1983 1295 2057; x_wconf 75' lang='grc' dir='ltr'><em>τῷ</em></span> <span class='ocrx_word' id='word_1_225' title='bbox 1337 1982 1396 2036; x_wconf 83' lang='grc' dir='ltr'><em>ἐκ</em></span> <span class='ocrx_word' id='word_1_226' title='bbox 1433 1982 1547 2035; x_wconf 80' lang='grc' dir='ltr'><em>τῶν</em></span> <span class='ocrx_word' id='word_1_227' title='bbox 1588 1985 1651 2048; x_wconf 91' lang='grc' dir='ltr'><em>Ζ,</em></span> <span class='ocrx_word' id='word_1_228' title='bbox 1683 1984 1754 2034; x_wconf 91' lang='grc' dir='ltr'><em>Η.</em></span> <span class='ocrx_word' id='word_1_229' title='bbox 1818 1977 1947 2034; x_wconf 84' lang='grc' dir='ltr'><em>ἀνά·</em></span> 
     </span>
     <span class='ocr_line' id='line_1_27' title="bbox 247 2065 1982 2141; baseline 0.001 -20"><span class='ocrx_word' id='word_1_230' title='bbox 247 2072 420 2137; x_wconf 77' lang='grc' dir='ltr'><em>λογον</em></span> <span class='ocrx_word' id='word_1_231' title='bbox 471 2065 579 2139; x_wconf 73' lang='grc' dir='ltr'><em>ἄρα</em></span> <span class='ocrx_word' id='word_1_232' title='bbox 634 2066 709 2132; x_wconf 80' lang='grc' dir='ltr'><em>ὥς</em></span> <span class='ocrx_word' id='word_1_233' title='bbox 758 2067 787 2123; x_wconf 93' lang='lat'><em>6</em></span> <span class='ocrx_word' id='word_1_234' title='bbox 836 2075 889 2123; x_wconf 89' lang='lat' dir='ltr'><em>A</em></span> <span class='ocrx_word' id='word_1_235' title='bbox 936 2066 1076 2139; x_wconf 85' lang='grc' dir='ltr'><em>πρὸς</em></span> <span class='ocrx_word' id='word_1_236' title='bbox 1120 2070 1219 2125; x_wconf 90' lang='grc' dir='ltr'><em>τὸν</em></span> <span class='ocrx_word' id='word_1_237' title='bbox 1268 2075 1337 2138; x_wconf 95' lang='grc' dir='ltr'><em>Ζ,</em></span> <span class='ocrx_word' id='word_1_238' title='bbox 1387 2068 1417 2124; x_wconf 90' lang='lat'><em>6</em></span> <span class='ocrx_word' id='word_1_239' title='bbox 1465 2074 1531 2124; x_wconf 94' lang='lat' dir='ltr'><em>H</em></span> <span class='ocrx_word' id='word_1_240' title='bbox 1570 2068 1708 2141; x_wconf 86' lang='grc' dir='ltr'><em>πρὸς</em></span> <span class='ocrx_word' id='word_1_241' title='bbox 1745 2066 1843 2123; x_wconf 85' lang='grc' dir='ltr'><em>τὸν</em></span> <span class='ocrx_word' id='word_1_242' title='bbox 1883 2073 1982 2123; x_wconf 69' lang='lat' dir='ltr'><em>B.v</em></span> 
     </span>
     <span class='ocr_line' id='line_1_28' title="bbox 249 2155 1988 2230; baseline 0.002 -20"><span class='ocrx_word' id='word_1_243' title='bbox 249 2166 437 2227; x_wconf 89' lang='grc' dir='ltr'><em>μετρεῖ</em></span> <span class='ocrx_word' id='word_1_244' title='bbox 481 2155 543 2211; x_wconf 74' lang='grc' dir='ltr'><em>δὲ</em></span> <span class='ocrx_word' id='word_1_245' title='bbox 591 2155 621 2211; x_wconf 93' lang='lat'><em>6</em></span> <span class='ocrx_word' id='word_1_246' title='bbox 669 2162 724 2210; x_wconf 91' lang='lat' dir='ltr'><em>A</em></span> <span class='ocrx_word' id='word_1_247' title='bbox 770 2155 871 2212; x_wconf 89' lang='grc' dir='ltr'><em>τὸν</em></span> <span class='ocrx_word' id='word_1_248' title='bbox 921 2163 990 2212; x_wconf 93' lang='grc' dir='ltr'><em>Ζ·</em></span> <span class='ocrx_word' id='word_1_249' title='bbox 1038 2170 1227 2229; x_wconf 89' lang='grc' dir='ltr'><em>μετρεῖ</em></span> <span class='ocrx_word' id='word_1_250' title='bbox 1269 2156 1379 2230; x_wconf 72' lang='grc' dir='ltr'><em>ἄρα</em></span> <span class='ocrx_word' id='word_1_251' title='bbox 1425 2158 1518 2212; x_wconf 85' lang='grc' dir='ltr'><em>καὶ</em></span> <span class='ocrx_word' id='word_1_252' title='bbox 1559 2156 1588 2213; x_wconf 91' lang='lat'><em>6</em></span> <span class='ocrx_word' id='word_1_253' title='bbox 1640 2163 1703 2212; x_wconf 93' lang='lat' dir='ltr'><em>H</em></span> <span class='ocrx_word' id='word_1_254' title='bbox 1741 2156 1842 2213; x_wconf 88' lang='grc' dir='ltr'><em>τὸν</em></span> <span class='ocrx_word' id='word_1_255' title='bbox 1885 2159 1988 2215; x_wconf 65' lang='grc' dir='ltr'><em>Β.ζ</em></span> 
     </span>
     <span class='ocr_line' id='line_1_29' title="bbox 250 2243 1988 2319; baseline 0.002 -20"><span class='ocrx_word' id='word_1_256' title='bbox 250 2249 512 2316; x_wconf 85' lang='grc' dir='ltr'><em>μετρείτω</em></span> <span class='ocrx_word' id='word_1_257' title='bbox 565 2244 739 2300; x_wconf 84' lang='grc' dir='ltr'><em>αὐτὸν</em></span> <span class='ocrx_word' id='word_1_258' title='bbox 790 2243 930 2300; x_wconf 79' lang='grc' dir='ltr'><em>κατὰ</em></span> <span class='ocrx_word' id='word_1_259' title='bbox 988 2244 1090 2302; x_wconf 90' lang='grc' dir='ltr'><em>τὸν</em></span> <span class='ocrx_word' id='word_1_260' title='bbox 1144 2253 1205 2303; x_wconf 83' lang='grc' dir='ltr'><em>Θ.</em></span> <span class='ocrx_word' id='word_1_261' title='bbox 1285 2246 1492 2319; x_wconf 84' lang='grc' dir='ltr'><em>ὁμοίως</em></span> <span class='ocrx_word' id='word_1_262' title='bbox 1547 2244 1617 2316; x_wconf 82' lang='grc' dir='ltr'><em>δὴ</em></span> <span class='ocrx_word' id='word_1_263' title='bbox 1676 2247 1988 2318; x_wconf 81' lang='grc' dir='ltr'><em>δείξομεν,“</em></span> 
     </span>
     <span class='ocr_line' id='line_1_30' title="bbox 251 2331 1947 2410; baseline 0.001 -22"><span class='ocrx_word' id='word_1_264' title='bbox 251 2333 338 2388; x_wconf 81' lang='grc' dir='ltr'><em>ὅτι</em></span> <span class='ocrx_word' id='word_1_265' title='bbox 380 2331 408 2388; x_wconf 93' lang='lat'><em>6</em></span> <span class='ocrx_word' id='word_1_266' title='bbox 452 2340 499 2389; x_wconf 84' lang='grc' dir='ltr'>Θ</span> <span class='ocrx_word' id='word_1_267' title='bbox 536 2337 612 2410; x_wconf 78' lang='grc' dir='ltr'><em>τῷ</em></span> <span class='ocrx_word' id='word_1_268' title='bbox 652 2342 705 2389; x_wconf 90' lang='lat' dir='ltr'><em>A</em></span> <span class='ocrx_word' id='word_1_269' title='bbox 746 2331 849 2389; x_wconf 78' lang='grc' dir='ltr'><em>οὐκ</em></span> <span class='ocrx_word' id='word_1_270' title='bbox 889 2338 1040 2390; x_wconf 83' lang='grc' dir='ltr'><em>ἔστιν</em></span> <span class='ocrx_word' id='word_1_271' title='bbox 1081 2333 1109 2391; x_wconf 91' lang='lat'><em>6</em></span> <span class='ocrx_word' id='word_1_272' title='bbox 1151 2333 1334 2401; x_wconf 84' lang='grc' dir='ltr'><em>αὐτός.</em></span> <span class='ocrx_word' id='word_1_273' title='bbox 1403 2335 1496 2390; x_wconf 85' lang='grc' dir='ltr'><em>καὶ</em></span> <span class='ocrx_word' id='word_1_274' title='bbox 1537 2334 1654 2390; x_wconf 82' lang='grc' dir='ltr'><em>ἐπεὶ</em></span> <span class='ocrx_word' id='word_1_275' title='bbox 1696 2333 1724 2391; x_wconf 91' lang='lat'><em>6</em></span> <span class='ocrx_word' id='word_1_276' title='bbox 1759 2341 1826 2390; x_wconf 93' lang='lat' dir='ltr'><em>H</em></span> <span class='ocrx_word' id='word_1_277' title='bbox 1847 2334 1947 2390; x_wconf 88' lang='grc' dir='ltr'><em>τὸν</em></span> 
     </span>
     <span class='ocr_line' id='line_1_31' title="bbox 250 2420 1952 2496; baseline 0.001 -20"><span class='ocrx_word' id='word_1_278' title='bbox 250 2427 297 2477; x_wconf 91' lang='grc' dir='ltr'><strong><em>Β</em></strong></span> <span class='ocrx_word' id='word_1_279' title='bbox 332 2433 520 2494; x_wconf 88' lang='grc' dir='ltr'><em>μετρεῖ</em></span> <span class='ocrx_word' id='word_1_280' title='bbox 547 2420 686 2477; x_wconf 80' lang='grc' dir='ltr'><em>κατὰ</em></span> <span class='ocrx_word' id='word_1_281' title='bbox 716 2420 818 2478; x_wconf 85' lang='grc' dir='ltr'><em>τὸν</em></span> <span class='ocrx_word' id='word_1_282' title='bbox 849 2428 915 2493; x_wconf 83' lang='grc' dir='ltr'><em>Θ,</em></span> <span class='ocrx_word' id='word_1_283' title='bbox 956 2421 985 2479; x_wconf 88' lang='lat'><em>6</em></span> <span class='ocrx_word' id='word_1_284' title='bbox 1021 2429 1087 2479; x_wconf 95' lang='lat' dir='ltr'><em>H</em></span> <span class='ocrx_word' id='word_1_285' title='bbox 1104 2422 1213 2496; x_wconf 73' lang='grc' dir='ltr'><em>ἄρα</em></span> <span class='ocrx_word' id='word_1_286' title='bbox 1244 2422 1344 2479; x_wconf 91' lang='grc' dir='ltr'><em>τὸν</em></span> <span class='ocrx_word' id='word_1_287' title='bbox 1379 2430 1426 2479; x_wconf 86' lang='grc' dir='ltr'>Θ</span> <span class='ocrx_word' id='word_1_288' title='bbox 1460 2425 1952 2489; x_wconf 86' lang='grc' dir='ltr'><em>πολλαπλασιάσας</em></span> 
     </span>
     <span class='ocr_line' id='line_1_32' title="bbox 250 2507 1952 2583; baseline 0.002 -19"><span class='ocrx_word' id='word_1_289' title='bbox 250 2507 351 2565; x_wconf 87' lang='grc' dir='ltr'><em>τὸν</em></span> <span class='ocrx_word' id='word_1_290' title='bbox 406 2515 454 2564; x_wconf 95' lang='grc' dir='ltr'><strong><em>Β</em></strong></span> <span class='ocrx_word' id='word_1_291' title='bbox 501 2515 813 2581; x_wconf 85' lang='grc' dir='ltr'><em>πεποίηκεν.</em></span> <span class='ocrx_word' id='word_1_292' title='bbox 900 2509 1041 2567; x_wconf 79' lang='grc' dir='ltr'><em>ἀλλὰ</em></span> <span class='ocrx_word' id='word_1_293' title='bbox 1098 2512 1210 2583; x_wconf 86' lang='grc' dir='ltr'><em>μὴν</em></span> <span class='ocrx_word' id='word_1_294' title='bbox 1257 2512 1349 2567; x_wconf 85' lang='grc' dir='ltr'><em>καὶ</em></span> <span class='ocrx_word' id='word_1_295' title='bbox 1398 2509 1428 2567; x_wconf 91' lang='lat'><em>6</em></span> <span class='ocrx_word' id='word_1_296' title='bbox 1469 2519 1523 2567; x_wconf 95' lang='lat' dir='ltr'><em>A</em></span> <span class='ocrx_word' id='word_1_297' title='bbox 1570 2511 1772 2568; x_wconf 80' lang='grc' dir='ltr'><em>ἑαυτὸν</em></span> <span class='ocrx_word' id='word_1_298' title='bbox 1818 2517 1952 2568; x_wconf 89' lang='grc' dir='ltr'><em>πολ-</em></span> 
     </span>
    </p>
   </div>
   <div class='ocr_carea' id='block_1_7' title="bbox 251 2682 1986 2925">
    <p class='ocr_par' dir='ltr' id='par_1_7' title="bbox 251 2682 1986 2925">
     <span class='ocr_line' id='line_1_33' title="bbox 373 2682 1950 2762; baseline 0.002 -32"><span class='ocrx_word' id='word_1_299' title='bbox 373 2692 415 2732; x_wconf 80' lang='lat'><em>2.</em></span> <span class='ocrx_word' id='word_1_300' title='bbox 449 2682 576 2738; x_wconf 77' lang='grc' dir='ltr'><em>ἅπας</em></span> <span class='ocrx_word' id='word_1_301' title='bbox 607 2685 660 2731; x_wconf 82' lang='grc' dir='ltr'><em>δέ</em></span> <span class='ocrx_word' id='word_1_302' title='bbox 685 2714 741 2721; x_wconf 87' lang='grc'>-</span> <span class='ocrx_word' id='word_1_303' title='bbox 768 2694 815 2733; x_wconf 87' lang='lat'><em>3:</em></span> <span class='ocrx_word' id='word_1_304' title='bbox 858 2689 1116 2762; x_wconf 84' lang='grc' dir='ltr'><em>μετρεῖται]</em></span> <span class='ocrx_word' id='word_1_305' title='bbox 1151 2702 1240 2733; x_wconf 88' lang='lat' dir='ltr'><em>om.</em></span> <span class='ocrx_word' id='word_1_306' title='bbox 1274 2689 1438 2734; x_wconf 85' lang='lat' dir='ltr'>Theon</span> <span class='ocrx_word' id='word_1_307' title='bbox 1470 2689 1656 2761; x_wconf 73' lang='lat' dir='ltr'><strong>(Bch).</strong></span> <span class='ocrx_word' id='word_1_308' title='bbox 1780 2694 1820 2734; x_wconf 88' lang='lat'><em>3.</em></span> <span class='ocrx_word' id='word_1_309' title='bbox 1855 2686 1879 2733; x_wconf 84' lang='lat'><em>6</em></span> <span class='ocrx_word' id='word_1_310' title='bbox 1915 2691 1950 2733; x_wconf 94' lang='grc' dir='ltr'>Ζ</span> 
     </span>
     <span class='ocr_line' id='line_1_34' title="bbox 251 2743 1986 2820; baseline 0 -29"><span class='ocrx_word' id='word_1_311' title='bbox 251 2763 346 2801; x_wconf 85' lang='grc' dir='ltr'><em>αρα</em></span> <span class='ocrx_word' id='word_1_312' title='bbox 397 2743 493 2791; x_wconf 77' lang='grc' dir='ltr'><em>ὑπὸ</em></span> <span class='ocrx_word' id='word_1_313' title='bbox 541 2745 748 2817; x_wconf 81' lang='grc' dir='ltr'><em>πρώτον]</em></span> <span class='ocrx_word' id='word_1_314' title='bbox 802 2743 826 2792; x_wconf 82' lang='grc' dir='ltr'><em>ὃ</em></span> <span class='ocrx_word' id='word_1_315' title='bbox 881 2764 975 2805; x_wconf 85' lang='grc' dir='ltr'><em>αροι</em></span> <span class='ocrx_word' id='word_1_316' title='bbox 1024 2751 1059 2792; x_wconf 93' lang='grc' dir='ltr'>Ζ</span> <span class='ocrx_word' id='word_1_317' title='bbox 1102 2745 1196 2793; x_wconf 75' lang='grc' dir='ltr'><em>ὑπὸ</em></span> <span class='ocrx_word' id='word_1_318' title='bbox 1243 2745 1432 2803; x_wconf 77' lang='grc' dir='ltr'><em>πρώτου</em></span> <span class='ocrx_word' id='word_1_319' title='bbox 1471 2747 1583 2805; x_wconf 75' lang='lat' dir='ltr'><em>th;</em></span> <span class='ocrx_word' id='word_1_320' title='bbox 1628 2745 1722 2792; x_wconf 80' lang='grc' dir='ltr'><em>ὑπὸ</em></span> <span class='ocrx_word' id='word_1_321' title='bbox 1762 2763 1986 2820; x_wconf 51' lang='grc' dir='ltr'><em>πρωτουν</em></span> 
     </span>
     <span class='ocr_line' id='line_1_35' title="bbox 253 2803 1951 2924; baseline 0 -74"><span class='ocrx_word' id='word_1_322' title='bbox 253 2803 430 2863; x_wconf 79' lang='grc' dir='ltr'><em>ἅρ.αΒ</em></span> <span class='ocrx_word' id='word_1_323' title='bbox 500 2803 999 2924; x_wconf 38' lang='grc' dir='ltr'><strong>ἒ4οὐ.]ἱῃεθι·1;..ῑη</strong></span> <span class='ocrx_word' id='word_1_324' title='bbox 1034 2807 1144 2852; x_wconf 91' lang='grc' dir='ltr'><strong>1Β.</strong></span> <span class='ocrx_word' id='word_1_325' title='bbox 1267 2805 1489 2866; x_wconf 84' lang='grc' dir='ltr'><strong>6.ὃέΖ]</strong></span> <span class='ocrx_word' id='word_1_326' title='bbox 1525 2820 1641 2852; x_wconf 87' lang='lat' dir='ltr'><strong>corr.</strong></span> <span class='ocrx_word' id='word_1_327' title='bbox 1685 2803 1951 2863; x_wconf 68' lang='grc' dir='ltr'><em>θκΖαρα</em></span> 
     </span>
     <span class='ocr_line' id='line_1_36' title="bbox 252 2865 1948 2925; baseline 0 -16"><span class='ocrx_word' id='word_1_328' title='bbox 252 2881 312 2912; x_wconf 91' lang='lat' dir='ltr'><em>m.</em></span> <span class='ocrx_word' id='word_1_329' title='bbox 347 2870 374 2910; x_wconf 82' lang='lat'><strong>2</strong></span> <span class='ocrx_word' id='word_1_330' title='bbox 408 2865 498 2921; x_wconf 65' lang='lat' dir='ltr'><em>V.&#39;2{</em></span> <span class='ocrx_word' id='word_1_331' title='bbox 519 2903 524 2907; x_wconf 83' lang='grc'><strong>.</strong></span> <span class='ocrx_word' id='word_1_332' title='bbox 590 2865 652 2923; x_wconf 85' lang='grc' dir='ltr'><em>Ζ]</em></span> <span class='ocrx_word' id='word_1_333' title='bbox 685 2867 734 2910; x_wconf 88' lang='lat' dir='ltr'><em>in</em></span> <span class='ocrx_word' id='word_1_334' title='bbox 764 2880 855 2910; x_wconf 85' lang='lat' dir='ltr'><strong>ras.</strong></span> <span class='ocrx_word' id='word_1_335' title='bbox 887 2867 937 2910; x_wconf 93' lang='lat' dir='ltr'><em>P.</em></span> <span class='ocrx_word' id='word_1_336' title='bbox 1061 2866 1132 2924; x_wconf 82' lang='lat' dir='ltr'><em>A]</em></span> <span class='ocrx_word' id='word_1_337' title='bbox 1165 2866 1215 2910; x_wconf 89' lang='lat' dir='ltr'><em>in</em></span> <span class='ocrx_word' id='word_1_338' title='bbox 1244 2880 1334 2913; x_wconf 77' lang='lat' dir='ltr'><strong>ras.</strong></span> <span class='ocrx_word' id='word_1_339' title='bbox 1368 2867 1418 2911; x_wconf 91' lang='lat' dir='ltr'><em>P.</em></span> <span class='ocrx_word' id='word_1_340' title='bbox 1542 2872 1582 2911; x_wconf 75' lang='lat'><em>7.</em></span> <span class='ocrx_word' id='word_1_341' title='bbox 1617 2867 1687 2925; x_wconf 89' lang='grc' dir='ltr'><em>Δ]</em></span> <span class='ocrx_word' id='word_1_342' title='bbox 1721 2880 1814 2922; x_wconf 83' lang='lat' dir='ltr'><strong>seq.</strong></span> <span class='ocrx_word' id='word_1_343' title='bbox 1858 2879 1948 2910; x_wconf 83' lang='lat' dir='ltr'><strong>ras.</strong></span> 
     </span>
    </p>
   </div>
  </div>
 </body>
</html>
