1988 3152
201 138 228 189 1
238 138 306 191 88
831 140 1168 184 ΣΤΟΙΧΕΙῼΝ
1199 139 1256 194 ζ’.

312 257 414 313 ιθ’.
461 257 888 329 Τετράγωνος
935 258 1225 331 ἀριθμός
1272 261 1422 315 ἐστιν
1469 256 1500 316 ὁ
1549 259 1728 326 ἰσάκις
1774 267 1893 326 ἴσος

197 340 231 415 ἢ
274 345 349 415 [ὁ]
390 344 502 401 ὑπὸ
542 344 648 401 δύο
689 352 829 402 ἴσων
870 343 1133 419 ἀριθμῶν
1171 347 1579 420 περιεχόμενος.

308 434 378 489 κ’.
420 433 645 504 Κύβος
707 435 769 491 δὲ
824 435 854 492 ὁ
913 435 1093 502 ἰσάκις
1148 444 1267 502 ἴσος
1322 436 1502 503 ἰσάκις
1555 435 1589 509 ἢ
1648 437 1726 507 [ὁ]
1782 438 1892 494 ὑπο

196 526 369 594 τριῶν
411 530 550 579 ἴσων
589 520 852 597 ἀριθμῶν
891 525 1295 598 περιεχόμενος.

140 617 165 655 5
311 612 419 668 καῖ
454 613 758 686 Ἀριθμοὶ
797 611 1137 685 ἀνάλογόν
1184 618 1381 684 εἰσιν,
1428 614 1565 670 ὅταν
1605 614 1634 671 ὁ
1676 619 1894 688 πρῶτος

197 703 300 755 τοῦ
355 702 620 772 δευτέρου
668 702 763 758 καὶ
818 702 849 758 ὁ
885 708 1088 812 τρίτος
1141 706 1242 758 τοῦ
1305 701 1571 809 τετάρτου
1608 703 1806 776 ξίσάκις
1859 709 1894 777 ᾐ

198 789 610 856 πολλαπλάσιος
649 787 683 862 ἢ
722 789 786 847 τὸ
830 789 966 847 αὐτὸ
1009 792 1175 865 μέρος
1212 789 1247 862 ἢ
1288 789 1354 846 τὰ
1388 788 1528 847 αὐτὰ
1568 793 1705 864 μέρη
1740 787 1894 849 ῶσιν.

311 878 420 949 κβ’.
446 879 702 951 Ὅμοιοι
773 881 1073 936 ἐπίπεδοι
1134 881 1227 935 καὶ
1297 880 1553 953 στερεοὶ
1616 879 1900 953 ἀριθμοί

199 970 342 1022 εἰσιν
385 969 443 1022 οἱ
478 966 766 1039 ἀνάλογον
805 972 1023 1040 ἔχοντες
1061 968 1160 1034 τὰς
1198 968 1454 1041 πλευράς.

112 1077 166 1116 10
272 1055 381 1127 κγ’.
428 1057 693 1123 Τέλειος
738 1054 1029 1130 ἀριθμός
1076 1058 1226 1113 ἐστιν
1267 1057 1297 1113 ὃ
1344 1069 1463 1123 τοῖς
1501 1059 1703 1114 ἑαυτοῦ
1743 1059 1896 1131 μέρε-

200 1161 292 1200 σιν
334 1151 454 1210 ἴσος
493 1143 589 1201 ῶν.

1014 1250 1085 1305 α’.

312 1351 452 1407 Δύο
526 1350 836 1425 ἀριθμῶν
910 1351 1161 1410 ἀνίσων
1232 1355 1655 1426 ἐκκειμένων,
1734 1353 1898 1410 ἀνθ-

199 1442 716 1513 υφαιρουμένου
756 1442 826 1498 δὲ
876 1441 976 1499 ἀεὶ
1022 1447 1140 1499 τοῦ
1196 1443 1556 1511 ἐλάσσονος
1611 1441 1734 1499 ἀπὸ
1783 1446 1898 1498 τοῦ

112 1550 167 1591 15
201 1533 529 1601 μείζονος,
570 1528 685 1586 ἐὰν
726 1528 755 1586 ὁ
806 1531 1200 1604 λειπόμενος
1247 1533 1572 1604 μηδέποτε
1618 1528 1897 1603 καταμε-

199 1621 316 1690 τρῇ
378 1617 493 1674 τὸν
555 1616 676 1690 πρὸ
734 1619 1003 1690 ἑαυτοῦ,
1060 1622 1177 1687 ἕως
1233 1614 1310 1677 οὗ
1366 1625 1610 1694 λειφθῇ
1667 1619 1895 1692 μονάς,

202 1708 267 1761 οἰ
321 1707 383 1772 ἐξ
440 1704 642 1779 ἀρχῆς
698 1708 977 1781 ἀριθμοὶ
1038 1713 1286 1782 πρῶτοι
1347 1708 1508 1782 πρὸς
1571 1708 1897 1779 ἀλλ’»ἷλους

202 1798 482 1850 ἔσονταί

314 1883 440 1939 Δύο
480 1881 588 1954 γὰρ
633 1882 891 1954 [ἀνίσων]
941 1882 1206 1958 ἀριθμῶν
1251 1890 1366 1943 τῶν
1420 1893 1555 1957 ΑΒ,
1597 1891 1701 1942 ΓΔ
1754 1886 1895 1943 ἀνθ-

111 1996 169 2036 20
202 1974 627 2044 υφαιρουμένου
667 1972 755 2029 ἀεὶ
794 1977 896 2030 τοῦ
937 1974 1239 2041 ἐλάσσονος
1280 1972 1390 2030 ἀπὸ
1430 1979 1532 2031 τοῦ
1573 1979 1823 2047 μείζονος
1862 1998 1891 2032 ο

201 2059 528 2132 λειπόμενος
582 2063 855 2134 μηδέποτε
901 2069 1302 2136 καταμετρείτω
1360 2061 1458 2120 τὸν
1509 2063 1616 2138 πρὸ
1674 2065 1893 2140 ἑριυτοῦ,

138 2143 142 2146 ’
201 2149 303 2215 ἕως
344 2143 414 2206 οὗ
453 2155 660 2223 λειφθῇ
702 2151 900 2223 μονάς·
947 2154 1115 2224 λέγω,
1157 2151 1242 2208 ὅτι
1283 2155 1342 2209 οἰ
1376 2159 1510 2224 ΑΒ,
1544 2158 1648 2208 ΓΛ
1686 2156 1896 2225 πρῶτοι

199 2236 340 2311 πρὸς
385 2237 662 2311 ἀλλήλους
716 2243 887 2311 εἰσίν,
941 2242 1227 2298 τουτέστιν
1291 2242 1379 2298 ὅτι
1432 2240 1563 2307 τοὺς
1618 2248 1754 2312 ΑΒ,
1793 2247 1897 2298 ΓΛ

201 2325 378 2398 μονὰς
416 2327 561 2399 μόνη
603 2339 803 2402 μετρεῖ.

111 2442 168 2482 25
314 2419 388 2471 Εἰ
431 2415 540 2488 γὰρ
589 2417 663 2489 μή
711 2423 856 2474 εἰσιν
898 2421 955 2474 οἱ
998 2425 1131 2490 ΑΒ,
1167 2424 1270 2476 ΓΔ
1307 2423 1516 2493 πρῶτοι
1555 2418 1694 2489 πρὸς
1734 2416 1898 2490 ἀλλή-

201 2512 359 2576 λους,
415 2505 671 2577 μετρήσει
725 2530 809 2574 τις
859 2505 1066 2574 αὐτοὺς
1119 2505 1376 2579 ἀριθμός.
1461 2512 1747 2580 μετρείτω,
1802 2507 1895 2562 καὶ

323 2672 394 2714 23.
426 2667 683 2714 Martianus
716 2668 909 2726 Capella
938 2669 1048 2728 VII,
1083 2675 1181 2717 753.

323 2806 363 2846 2
398 2799 451 2860 ὁ]
485 2816 575 2847 om.
607 2801 707 2846 PB.
860 2808 900 2848 3.
935 2799 989 2863 ὁ]
1024 2818 1112 2849 om.
1144 2804 1194 2850 Ρ
1346 2807 1387 2847 4.
1422 2804 1555 2875 ἴσων]
1589 2818 1678 2849 om.
1711 2802 1766 2859 Ρ,
1799 2818 1893 2860 mg.

144 2890 145 2894 =
202 2875 264 2905 m.
302 2866 324 2904 1
358 2860 415 2916 V,
449 2875 534 2918 sup
536 2875 590 2905 ra
620 2876 679 2906 m.
722 2866 748 2905 2
787 2862 846 2916 Β;
889 2864 997 2909 hab.
1037 2863 1239 2918 Faenus,
1272 2862 1362 2919 Fp.
1431 2859 1652 2921 ἀριθμῶν
1692 2864 1802 2907 ἴσων
1841 2862 1890 2906 P.

267 2925 307 2964 6.
342 2921 464 2964 Ante
499 2877 652 2972 ἰσάκις
682 2921 730 2965 in
760 2919 797 2963 F
829 2922 934 2966 add.
967 2918 1018 2978 ἥς
1051 2922 1177 2968 idem
1208 2922 1249 2967 V
1283 2936 1423 2979 supra
1455 2936 1538 2967 scr.
1571 2927 1699 2969 m.1.
1822 2926 1894 2966 10.
