1988 3152
206 83 280 137 46
842 81 1180 126 ΣΤΟΙΧΕΙΩΝ
1211 97 1232 126 ε
1244 78 1273 126 ’.

1045 227 1144 287 ις’.

314 330 462 387 Ἐὰν
501 332 786 401 τέσσαρα
825 331 1071 402 μεγέθη
1114 329 1451 402 ἀνάλογον
1487 323 1547 402 ᾗ,
1578 331 1685 386 καὶ
1719 333 1906 387 ἐναλ-

208 419 326 486 λὰξ
365 417 700 491 α’νάλογον
741 422 946 475 ἔσται..

302 505 485 563 ’Ἑστω
531 507 771 578 τέσσαρα
816 507 1028 578 μεγέθη
1076 503 1362 577 ἀνάλογον
1406 503 1470 560 τὰ
1513 513 1583 576 A,
1622 511 1689 577 Β,
1730 511 1793 577 Γ,
1834 514 1906 577 A,

149 615 175 656 5
210 593 286 662 ὥς
322 593 386 652 τὸ
427 602 482 651 A
518 593 658 668 πρὸς
694 593 756 651 τὸ
796 601 864 665 Β,
905 592 1084 660 οὕτως
1121 593 1278 650 τὸ>Γ
1308 591 1448 666 πρὸς
1485 592 1548 650 τὸ
1590 601 1665 649 A·
1742 597 1905 666 λέγω,

207 683 294 741 ὅτι
339 683 433 739 καὶ
480 683 716 751 ἐναλλὰξ
757 682 1088 754 [ἀνάλογον]
1130 686 1307 754 ἔσται,
1355 679 1431 747 ὥς
1468 681 1529 738 τὸ
1571 690 1625 738 A
1662 681 1803 756 πρὸς
1841 683 1903 740 τὸ

205 777 270 844 Γ,
311 769 490 838 οὕτως
527 770 590 827 τὸ
631 777 679 827 Β
718 770 858 844 πρὸς
895 770 958 827 τὸ
1002 778 1072 826 A.

316 859 596 932 Εἰλήφθω
643 858 752 933 γὰρ
798 862 911 915 τῶν
950 859 1053 930 μὲν
1092 867 1171 930 A,
1211 866 1258 915 Β
1300 859 1482 925 ἰσάκις
1518 859 1906 916 πολλαπλάσια

205 947 271 1004 τὰ
306 954 373 1019 Ε,
413 954 477 1019 Ζ,
516 950 630 1004 τῶν
671 947 734 1004 δὲ
765 952 828 1018 Γ,
862 954 918 1003 A
956 945 1117 1018 ἄλλα,
1157 943 1194 1002 ἃ
1234 950 1444 1019 ἔτυχεν,
1485 947 1666 1014 ἰσάκις
1704 954 1905 1004 πολλα-

120 1056 175 1098 10
207 1036 417 1093 πλαίσια
455 1035 521 1092 τὰ
560 1041 638 1108 Η,
678 1042 741 1092 Θ.

315 1125 432 1181 Καὶ
477 1124 594 1181 ἐπεὶ
642 1123 822 1191 ἰσάκις
869 1124 984 1180 ἐστὶ
1031 1123 1451 1181 πολλαπλάσιον
1496 1124 1560 1180 τὸ
1609 1130 1660 1180 Ε
1703 1128 1803 1181 τοί
1851 1133 1905 1181 A

205 1215 298 1271 καὶ
334 1213 397 1271 τὸ
431 1220 477 1269 Ζ
515 1216 618 1270 τοῦ
649 1219 717 1285 Β,
756 1211 823 1269 τὰ
865 1213 927 1269 δὲ
967 1213 1104 1285 μέρη
1144 1223 1260 1279 τοῖς
1300 1210 1564 1279 ὡσαύτως
1595 1218 1906 1269 πολλαπλα-

206 1306 350 1370 σίοις
387 1301 487 1359 τὸν
527 1300 702 1358 αὐτὸν
741 1305 852 1374 ἔχει
891 1300 1085 1373 λόγον,
1125 1305 1276 1357 ἔστιν
1315 1300 1425 1374 ἄρα
1465 1298 1541 1366 ὥς
1578 1300 1641 1357 τὸ
1675 1308 1729 1357 Α
1766 1301 1906 1374 πρὸς

205 1390 269 1448 τὸ
307 1398 382 1463 Β,
423 1388 601 1456 οὕτως
637 1389 701 1447 τὸ
742 1397 796 1446 Ε
830 1389 969 1464 πρὸς
1006 1389 1070 1446 τὸ
1113 1396 1172 1447 Ζ.
1250 1388 1325 1457 ὡς
1365 1390 1428 1446 δὲ
1465 1389 1527 1446 τὸ
1569 1398 1622 1446 A
1660 1389 1800 1463 πρὸς
1839 1389 1902 1447 τὸ

117 1499 172 1540 15
205 1487 279 1551 Β,
328 1478 507 1545 οὕτως
551 1478 614 1535 τὸ
654 1483 709 1535 Γ
747 1477 887 1551 πρὸς
932 1478 995 1534 τὸ
1038 1486 1115 1534 A·
1176 1479 1270 1534 καὶ
1317 1476 1393 1544 ὥς
1432 1476 1541 1551 ἄρα
1579 1478 1642 1534 τὸ
1683 1483 1736 1534 Γ
1766 1477 1904 1551 πρὸς

204 1567 267 1624 τὸ
310 1575 383 1639 A,
425 1566 602 1634 οὕτως
639 1566 701 1623 τὸ
744 1573 797 1623 Ε
830 1565 972 1639 πρὸς
1008 1565 1071 1623 τὸ
1113 1573 1174 1623 Ζ.
1242 1566 1439 1637 πάλιν,
1480 1567 1596 1623 ἐπεὶ
1635 1566 1700 1623 τοὶ
1733 1574 1816 1639 Η,
1856 1574 1904 1623 Θ

204 1660 318 1714 τῶν
357 1661 422 1728 Γ,
463 1664 519 1712 A
558 1655 740 1722 ἰσάκις
779 1655 894 1712 ἐστὶ
932 1654 1346 1727 πολλαπλάσια,
1385 1660 1539 1711 ἔστιν
1576 1654 1686 1728 ἄρα
1726 1654 1801 1723 ὥς
1838 1656 1900 1713 τὸ

203 1751 259 1803 Γ
296 1746 437 1820 πρὸς
472 1744 537 1802 τὸ
579 1752 660 1816 Δ,
709 1743 886 1811 οὕτως
924 1742 986 1801 τὸ
1026 1750 1092 1799 Η
1121 1742 1260 1817 πρὸς
1297 1743 1356 1800 τὲ
1401 1750 1462 1800 Θ.
1540 1742 1615 1811 ὥς
1654 1744 1717 1801 δὲ
1755 1743 1816 1801 τὸ
1857 1750 1911 1801 Γ

204 1832 342 1908 πρὸς
379 1833 442 1890 τὸ
478 1840 549 1904 A,
590 1832 813 1903 [οὕτως]
853 1830 916 1889 τὸ
956 1838 1010 1888 Ε
1042 1831 1182 1906 πρὸς
1219 1831 1282 1888 τὸ
1315 1838 1382 1888 Ζ·
1444 1834 1538 1889 καὶ
1578 1830 1653 1899 ὡς
1690 1831 1801 1906 ἄρα
1838 1833 1900 1890 τὸ
1985 1871 1988 1898 z

115 1942 173 1983 20
205 1929 258 1979 E
300 1922 441 1995 πρὸς
477 1920 542 1978 τὸ
583 1928 657 1994 Ζ,
706 1920 884 1988 οὕτως
922 1919 983 1977 τὸ
1024 1926 1090 1976 Η
1120 1918 1259 1994 πρὸς
1297 1919 1359 1977 τὸ
1400 1927 1461 1978 Θ.
1538 1920 1637 1978 ἐὰν
1685 1920 1747 1977 δὲ
1784 1922 1901 1977 τέσ-
1986 1919 1988 1927 '

205 2028 350 2085 σαρα
395 2011 605 2083 μεγέθη
653 2007 939 2080 ἀνάλογον
985 2002 1049 2083 ᾖ,
1102 2007 1164 2065 τὸ
1208 2008 1270 2065 δὲ
1306 2013 1532 2081 πρῶτον
1571 2012 1672 2065 τοῦ
1711 2014 1902 2081 τρίτου

204 2106 391 2173 μεῖζον
430 2093 493 2174 ᾖ,
531 2099 625 2155 καὶ
655 2098 717 2155 τὸ
761 2098 1027 2171 δεύτερον
1066 2101 1168 2154 τοῦ
1198 2096 1466 2169 τετάρτου
1505 2102 1691 2170 μεῖζον
1730 2101 1900 2169 ἔσται,
1984 2140 1988 2172 ,

203 2186 311 2244 κᾶν
352 2195 504 2260 ἴσον,
545 2194 696 2258 ἴσον,
734 2184 842 2243 κᾶν
883 2191 1131 2258 ἔλαττον,
1172 2190 1414 2242 ἔλαττον.
1490 2190 1542 2242 εἰ
1585 2185 1696 2259 ἄρα
1734 2187 1900 2258 ὑπερ-

205 2278 316 2349 ἔχει
360 2275 423 2333 τὸ
466 2282 518 2332 Ε
559 2279 662 2332 τοῦ
701 2281 784 2347 Η,
833 2273 1085 2348 ὑπερέχει
1131 2274 1224 2329 καὶ
1270 2272 1332 2330 τὸ
1375 2279 1420 2328 Ζ
1458 2276 1562 2330 τοῦ
1601 2280 1672 2345 Θ,
1718 2275 1811 2329 καὶ
1852 2278 1903 2330 εἰ
1984 2283 1988 2317 '³

116 2384 172 2425 25
206 2371 356 2435 ἴσον,
396 2371 547 2435 ἴσον,
585 2365 679 2422 καὶ
718 2367 770 2421 εἰ
806 2368 1061 2434 ἔλαττον,
1102 2367 1345 2419 ἔλαττον.
1405 2366 1504 2418 καί
1538 2363 1652 2418 ἐστι
1690 2361 1756 2418 τὰ
1797 2363 1900 2434 μὲν
1985 2375 1988 2418 ζ

205 2461 272 2526 Ε,
314 2460 360 2510 Ζ
397 2457 513 2511 τῶν
546 2462 616 2526 Α,
655 2461 703 2510 Β
744 2453 924 2519 ἰσάκις
961 2451 1363 2521 πολλαπλάσια,
1402 2449 1468 2506 τὰ
1510 2450 1572 2506 δὲ
1602 2456 1678 2522 Η,
1710 2457 1757 2506 Θ
1787 2454 1899 2507 τῶν

325 2622 365 2664 6.
397 2613 654 2688 ἀνάλογον]
689 2630 779 2661 om.
812 2616 864 2660 P.
951 2612 1125 2686 ἔσται]
1162 2610 1288 2660 ἐστιν
1318 2613 1370 2658 P.
1462 2610 1538 2717 τόΞ
1571 2613 1691 2671 (alt.)
1725 2627 1815 2659 om.
1841 2614 1892 2658 F.

266 2681 308 2722 8.
349 2672 459 2735 γάρ]
494 2689 649 2747 supra
686 2676 736 2720 F
859 2680 902 2721 9.
942 2669 997 2734 ἅ]
1037 2687 1180 2731 supra
1221 2673 1271 2718 F.
1412 2678 1464 2717 11
1541 2674 1634 2731 στί]
1676 2685 1766 2719 om.
1798 2671 1879 2730 Bp

259 2731 633 2807 πολλαπλάσιον]
667 2751 745 2779 -ον
777 2734 827 2778 in
872 2747 961 2779 ras.
994 2734 1045 2778 P.
1201 2737 1270 2777 13.
1310 2728 1472 2802 λόγον]
1511 2731 1570 2787 Ρ;
1604 2728 1745 2789 λόγον
1777 2734 1896 2788 ληφ-

205 2793 359 2840 θέντα
388 2790 651 2851 κατάλληλα
675 2794 839 2839 Theon
863 2792 1015 2849 (BFV
1023 2795 1090 2850 p.)
1183 2795 1252 2836 15.
1280 2785 1445 2848 ουτως]
1473 2805 1612 2849 supra
1633 2805 1687 2848 p3
1720 2805 1810 2836 om.
1843 2790 1896 2834 Β.

267 2858 336 2899 16.
371 2853 427 2911 Ζ]
462 2866 576 2899 corr.
610 2865 666 2897 ex
699 2854 745 2902 Ξ
775 2868 837 2898 m.
862 2857 888 2896 2
913 2851 969 2896 V.
1092 2853 1154 2909 H,
1183 2851 1244 2909 Θ]
1272 2851 1325 2908 Θ,
1353 2850 1511 2907 HBp.
1635 2855 1703 2895 17.
1728 2852 1897 2894 πολλα·
