1988 3152
167 1138 224 1178 10

165 1578 219 1618 15

159 2020 217 2060 20

157 2462 212 2502 25

265 110 335 163 14
892 114 1228 157 ΣΤΟΙΧΕΙΩΝ
1260 129 1282 158 ε
1293 109 1319 158 ’.

259 229 427 284 τεθὲν
468 228 576 302 ἄρα
615 233 839 301 πρῶτον
877 230 970 285 καὶ
1008 233 1256 303 πέμπτον
1294 230 1356 287 τὸ
1397 238 1500 287 ΕΖ
1541 234 1806 303 δευτέρου
1849 238 1951 290 τοῦ

260 323 308 372 Β
349 317 531 383 ἰσάκις
571 318 685 372 ἐστὶ
731 319 1153 375 πολλαπλάσιον
1191 320 1284 374 καὶ
1324 325 1514 393 τρίτον
1553 321 1646 375 καὶ
1686 322 1846 377 ἕκτον
1883 321 1947 377 τὸ

260 410 372 460 ΗΘ
409 405 676 478 τετάρτου
712 409 816 462 τοῦ
857 414 925 462 Δ.

366 492 499 549 Ἐὰν
539 492 650 566 ἄρα
685 498 910 568 πρῶτον
951 498 1216 567 δευτέρου
1249 499 1430 563 ἰσάκις
1460 491 1496 570 ᾖ
1528 497 1949 554 πολλαπλάσιον

257 581 350 636 καὶ
381 586 571 654 τρίτον
602 581 886 656 τετάρτου,
925 588 1122 657 ληφθῇ
1153 585 1215 640 δὲ
1248 588 1348 640 τοῦ
1381 584 1605 657 πρώτου
1634 586 1727 640 καὶ
1759 591 1950 658 τρίτου

259 668 440 735 ἰσάκις
493 670 904 742 πολλαπλάσια,
967 673 1059 727 καὶ
1120 672 1194 728 δι’
1255 681 1383 728 ἴσου
1443 677 1555 729 τῶν
1611 675 1947 745 ληφθέντων

258 756 523 828 ἑκάτερον
562 759 826 831 ἑκατέρου
866 759 1047 826 ἰσάκις
1086 764 1236 815 ἔσται
1283 761 1703 817 πολλαπλάσιον
1740 761 1802 818 τὸ
1844 761 1947 833 μὲν

256 839 359 899 τοῦ
406 847 673 919 δευτέρου
723 846 784 902 τὸ
835 847 897 903 δὲ
942 851 1045 902 τοῦ
1090 848 1376 922 τετάρτου’
1419 848 1554 922 ὅπερ
1595 853 1707 906 ἔδει
1756 853 1947 917 δεῖξαι.

1068 1023 1141 1080 δ’.

364 1122 509 1181 Ἐὰν
547 1129 811 1198 πρῶτον
850 1124 1014 1197 πρὸς
1053 1126 1370 1199 δεύτερον
1417 1126 1534 1183 τὸν
1582 1126 1783 1184 αὐτὸν
1831 1133 1943 1202 ἔχῃ

252 1212 457 1284 λόγον
495 1214 603 1269 καὶ
642 1218 871 1286 τρίτον
910 1213 1070 1286 πρὸς
1101 1217 1442 1288 τέταρτον,
1481 1214 1694 1271 καὶτὰ
1729 1215 1946 1282 ἰσάκις

252 1301 713 1357 πολλαπλάσια
764 1305 881 1357 τοῦ
927 1324 993 1358 τε
1038 1302 1304 1375 πρώτου
1350 1305 1455 1359 καὶ
1503 1309 1736 1375 τρίτου
1784 1303 1946 1376 πρὸς

252 1388 327 1444 τὰ
376 1390 591 1455 ἰσάκις
639 1390 1099 1447 πολλαπλάσια
1145 1396 1262 1448 τοῦ
1319 1393 1636 1465 δευτέρου
1689 1393 1796 1447 καὶ
1851 1414 1944 1448 τε·

251 1477 496 1550 τάρτου
534 1477 684 1534 καθ’
738 1477 1104 1535 ὁποιονοῦν
1151 1480 1788 1553 πολλαπλασιασμὸν
1826 1481 1945 1538 τὸν

252 1565 456 1622 αὐτὸν
497 1567 623 1633 ἕξει
663 1566 865 1638 λόγον
906 1570 1253 1640 ληφθέντα
1291 1570 1681 1642 κατάλληλα.

361 1659 603 1726 Πρῶτον
651 1654 758 1729 γὰρ
806 1655 869 1712 τὸ
919 1664 972 1712 A
1024 1656 1166 1730 πρὸς
1213 1657 1478 1732 δεύτερον
1515 1658 1578 1715 τὸ
1626 1665 1666 1714 Β
1705 1657 1805 1714 τὸν
1845 1658 1942 1714 αὐ-

248 1741 349 1799 τὸν
401 1745 564 1815 ἐχέτω
614 1744 788 1815 λόγον
834 1745 927 1800 καὶ
973 1749 1164 1815 τρίτον
1211 1746 1272 1801 τὸ
1316 1751 1370 1801 Γ
1398 1747 1538 1820 πρὸς
1576 1749 1839 1820 τέταρτον
1877 1746 1942 1802 τὸ

249 1839 330 1902 Δ,
378 1834 471 1891 καὶ
511 1833 767 1904 εἰλήφθω
814 1837 927 1889 τῶν
974 1833 1077 1905 μὲν
1124 1842 1202 1905 Α,
1227 1839 1280 1889 Γ
1320 1834 1502 1901 ἰσάκις
1553 1835 1940 1892 πολλαπλάσια

247 1921 315 1976 τὰ
345 1927 413 1992 Ε,
440 1928 509 1992 Ζ,
547 1925 661 1978 τῶν
702 1920 765 1977 δὲ
803 1928 870 1992 Β,
895 1929 951 1977 Λ
989 1920 1149 1993 ἄλλα,
1189 1919 1225 1977 ἃ
1266 1927 1476 1995 ἔτυχεν,
1517 1924 1700 1990 ἰσάκις
1737 1930 1936 1980 πολλα-

249 2008 458 2065 πλάσια
504 2009 571 2065 τὰ
618 2016 701 2082 Η,
728 2017 795 2067 Θ·
858 2012 1027 2081 λέγω,
1075 2009 1161 2066 ὅτι
1201 2011 1354 2067 ἐστὶν
1395 2009 1468 2078 ὡς
1506 2011 1569 2068 τὸ
1612 2019 1664 2067 Ε
1697 2010 1836 2084 πρὸς
1873 2010 1936 2067 τὸ

246 2103 330 2168 Η,
372 2097 548 2165 οὕτως
585 2097 648 2155 τὸ
691 2106 736 2154 Ζ
775 2098 916 2173 πρὸς
953 2098 1016 2154 τὸ
1059 2105 1120 2154 Θ.

358 2187 638 2259 Εἰλήφθω
686 2187 794 2259 γὰρ
844 2191 960 2243 τῶν
1001 2187 1104 2258 μὲν
1144 2194 1219 2258 Ε,
1245 2194 1289 2242 Ζ
1330 2187 1510 2253 ἰσάκις
1547 2187 1935 2244 πολλαπλάσια

245 2272 311 2329 τὰ
352 2280 424 2345 Κ,
450 2281 520 2346 Λ,
566 2279 680 2332 τῶν
721 2276 782 2332 δὲ
813 2281 897 2347 Η,
925 2282 972 2331 Θ
1011 2274 1172 2346 ἄλλα,
1213 2274 1247 2330 ἃ
1282 2280 1491 2348 ἔτυχεν,
1532 2275 1713 2343 ἰσάκις
1736 2283 1936 2333 πολλα-

245 2365 450 2419 πλάσια
489 2364 557 2419 τὰ
596 2370 680 2435 Μ,
706 2370 779 2419 Ν.

361 2453 520 2522 [Καὶ]
583 2453 697 2508 ἐπεὶ
753 2454 932 2519 ἰσάκις
987 2452 1101 2509 ἐστὶ
1154 2452 1573 2510 πολλαπλάσιον
1627 2454 1687 2511 τὸ
1738 2454 1840 2526 μὲν
1887 2460 1940 2509 Ε

364 2651 404 2691 5.
439 2644 491 2691 δὲ
533 2643 688 2697 ἰσάκις
725 2642 1050 2689 πολλαπλάσια
1089 2645 1172 2690 τοῦ
1212 2642 1399 2701 πρώτου
1439 2644 1518 2689 καὶ
1556 2645 1713 2701 τρίτου
1749 2645 1810 2700 V3
1852 2645 1932 2691 cfr.

242 2720 287 2762 p.
317 2710 385 2760 12,
413 2711 543 2750 3-4.
637 2708 678 2749 8.
703 2704 878 2762 δεῖξαι]
903 2705 1098 2759 ποιῆσαι
1121 2705 1178 2749 V.
1273 2708 1341 2749 18.
1369 2705 1430 2762 Γ]
1450 2717 1564 2749 corr.
1592 2717 1648 2748 ex
1672 2705 1708 2748 B
1730 2704 1781 2749 F.
1862 2710 1931 2750 19.

242 2760 320 2822 τά]
380 2766 512 2810 ostea
534 2763 642 2810 add.
666 2779 728 2808 m.
754 2769 779 2808 2
804 2763 854 2807 F.
977 2759 1029 2820 ἅ]
1054 2779 1116 2807 m.
1142 2769 1167 2808 2
1194 2763 1244 2808 F.
1336 2768 1407 2808 20.
1433 2759 1578 2822 ἐστίν]
1604 2777 1694 2809 om.
1719 2763 1775 2807 V.
1860 2768 1932 2807 21.

246 2826 299 2866 H
351 2838 450 2868 στιν
480 2823 536 2868 V.
659 2828 731 2868 23.
763 2817 896 2879 ἄλλα,
929 2816 959 2865 ἃ
995 2822 1179 2882 ἔτυχεν]
1203 2837 1298 2879 mg.
1322 2837 1382 2866 m.
1410 2827 1436 2866 2
1461 2821 1515 2866 V.
1638 2817 1692 2881 ἅ]
1716 2835 1857 2879 supra
1880 2821 1931 2868 F.

303 2887 373 2928 24.
408 2883 484 2942 N]
517 2883 567 2927 in
598 2897 686 2927 rae.
720 2898 781 2927 m.
818 2887 839 2925 1
872 2895 917 2937 p.
1040 2887 1111 2927 25.
1143 2881 1252 2940 καί]
1285 2897 1344 2927 m.
1379 2886 1405 2925 2
1437 2880 1486 2925 P.
1611 2877 1737 2925 ἐστιν
1767 2882 1818 2926 Ρ.
