1988 3152
197 126 302 179 186
825 126 1162 170 ΣΤοΙΧΕΙῼΝ
1193 122 1250 179 ζ’.

302 245 383 314 [ι’.
423 242 828 318 Περισσάκις
883 241 1109 317 ἀρτιός
1157 245 1337 299 ἐστιν
1387 241 1416 299 6
1463 241 1570 299 ὑπὸ
1621 247 1889 313 περισσοῦ

193 331 449 407 ἀριθμοῦ
489 332 861 404 μετρούμενος
898 331 1036 388 κατὰ
1076 331 1272 404 ἄρτιον
1313 330 1601 404 ἀριθμόν].

301 421 396 477 ια’.
438 421 848 493 Περισσάκις
903 421 964 477 δὲ
1017 419 1333 492 περισσὸς
1395 418 1688 492 ἀριθμός
1743 422 1892 476 ἐστιν

191 509 220 567 ὃ
263 509 370 567 ὑπὸ
411 513 681 584 περισσοῦ
721 508 972 584 ἀριθμοῦ
1013 511 1385 582 μετρούμενος
1431 507 1569 563 κατὰ
1624 509 1892 581 περισσὸν

139 612 163 651 5
199 598 463 673 ἀριθμόν.

303 688 397 760 ιβ’.
438 694 713 763 Πρῶτος
760 687 1048 762 ἀριθμός
1089 691 1238 745 ἐστιν
1280 687 1308 744 6
1359 687 1567 760 μονάδι
1617 684 1760 759 μόνῃ
1802 710 1894 759 με-

190 781 511 851 τρούμενος.

302 868 396 939 ιγ’.
436 871 702 941 Πρῶτοι
743 866 904 939 πρὸς
951 865 1280 939 ἀλλήλους
1327 865 1616 940 ἀριθμοί
1651 870 1794 922 εἰσιν
1836 869 1893 921 οἱ

196 957 402 1029 μονάδι
442 957 586 1030 μόνῃ
628 956 993 1028 μετρούμενοι
1033 960 1202 1032 κοινῷ
1244 957 1438 1031 μέτρῳ.

84 1063 159 1102 -10
304 1045 397 1102 ιδ’.
440 1045 786 1112 Σύνθετος
847 1043 1138 1116 ἀριθμός
1201 1047 1351 1100 ἐστιν
1410 1067 1438 1100 ο
1499 1043 1725 1119 ἀριθμῷ
1782 1066 1891 1100 τινι

193 1134 581 1208 μετρούμενος.

379 1223 773 1280 ,Σύνθετοι
808 1223 868 1279 δε
901 1222 1061 1296 πρὸς
1086 1222 1418 1295 ἀλλήλους
1442 1220 1729 1294 ἀριθμοί
1750 1224 1893 1277 εἰσιν

200 1317 257 1370 οἱ
292 1247 517 1389 ἀριθμῷ
558 1335 668 1369 τινι
709 1312 1074 1384 μετρούμενοι
1113 1315 1285 1388 κοινῷ
1327 1312 1521 1387 μέτρῳ.

305 1402 396 1461 ις’.
431 1399 745 1474 Ἀριθμὸς
784 1399 1078 1472 ἀριθμὸν
1110 1400 1716 1468 πολλαπλασιάζειν
1748 1400 1895 1470 λέγε-

109 1506 162 1545 15
195 1513 308 1562 ται,
357 1490 518 1562 ὅταν,
568 1489 695 1547 ὅσαι
747 1490 890 1546 εἰσὶν
939 1491 1000 1545 ἐν
1049 1487 1199 1566 αὐτῷ
1248 1489 1514 1562 μονάδες,
1566 1491 1899 1555 τοσαυτάκις

197 1583 442 1653 συντεθῇ
486 1577 514 1635 6
556 1578 1197 1653 πολλαπλασιαζόμενος,
1237 1579 1328 1635 καὶ
1367 1580 1598 1650 γένηταί
1632 1605 1729 1649 τις.

306 1669 390 1737 ιζ’.
418 1670 585 1726 Ὅταν
623 1667 684 1724 δὲ
717 1666 821 1723 δύο
855 1664 1092 1740 ἀριθμοὶ
1125 1671 1710 1737 πολλαπλασιάσαντες
1734 1667 1899 1741 ἀλλή-

198 1764 332 1823 λους
384 1761 592 1814 ποιῶσί
633 1779 784 1826 τινα,
842 1753 871 1812 6
924 1755 1225 1827 γενόμενος
1281 1757 1590 1824 ἐπίπεδος
1636 1765 1898 1826 καλεῖται,

201 1846 479 1919 πλευραὶ
535 1845 598 1901 δὲ
654 1843 829 1901 αὐτοῦ
880 1847 938 1900 οἱ
989 1845 1573 1912 πολλαπλασιάσαντες
1620 1846 1897 1918 ἀλλήλους

106 1950 163 1990 20
195 1934 443 2010 ἀριθμοί.

306 2024 401 2096 ιη’.
428 2022 595 2079 Ὅταν
660 2022 722 2078 δὲ
784 2034 932 2095 τρεῖς
1008 2020 1244 2094 ἀριθμοὶ
1314 2022 1900 2088 πολλαπλασιάσαντες

199 2111 474 2184 ἀλλήλους
524 2114 731 2167 ποιῶσί
772 2132 924 2181 τινα,
975 2108 1004 2166 ὁ
1058 2110 1366 2182 ’γενόμενος
1414 2096 1680 2180 στερεός
1728 2114 1897 2182 ἐστιν,

196 2202 478 2274 πλευραὶ
534 2200 596 2257 δὲ
651 2198 826 2256 αὐτοῦ
882 2203 940 2256 οἱ
988 2206 1572 2267 πολλαπλασιάσαντες
1622 2198 1899 2272 ἀλλήλους
1972 2188 1977 2189 ⁷

199 2291 452 2364 ἀριθμοί.

320 2476 390 2515 12.
424 2468 709 2514 lamblichus
742 2482 786 2524 p.
815 2472 884 2512 42.
934 2468 1195 2513 Martianus
1222 2467 1415 2526 Capella
1439 2467 1539 2523 VII,
1567 2472 1664 2514 751.
1714 2468 1896 2525 Philop.

199 2531 250 2575 in
287 2529 408 2574 anal.
457 2530 576 2586 post.
618 2526 698 2571 fol.
742 2531 844 2571 15V.
923 2532 993 2572 13.
1033 2527 1298 2572 Alexander
1337 2527 1543 2584 Aphrod.
1587 2528 1636 2571 in
1676 2527 1796 2573 anal.
1828 2542 1897 2583 pr.

201 2589 282 2635 fol.
324 2594 394 2634 87.
457 2586 715 2633 Martianus
756 2584 948 2644 Capella
987 2585 1094 2642 VII,
1137 2592 1234 2631 751.
1305 2585 1487 2643 Philop.
1529 2586 1576 2630 in
1617 2587 1738 2631 anal.
1779 2588 1898 2644 post.

161 2673 164 2676 ·
201 2649 281 2695 fol.
317 2653 421 2693 15v.
488 2652 556 2691 14.
590 2644 772 2702 Philop.
806 2645 856 2690 in
888 2646 1010 2690 anal.
1044 2649 1165 2704 post.
1197 2646 1277 2691 fol.
1314 2651 1419 2691 15v.
1484 2650 1674 2690 16-17,
1719 2645 1900 2690 Psellus

201 2725 244 2766 p.
281 2713 321 2754 6.
386 2710 575 2751 18-20,
608 2704 788 2749 Psellus
820 2721 863 2762 p.
899 2711 938 2750 7.

322 2863 361 2902 1.
395 2855 448 2901 δε
481 2871 642 2911 αρτιος
666 2849 1046 2909 P‚1itt.0{91-in
1076 2867 1165 2897 ras.
1229 2868 1388 2908 αρτιος
1412 2847 1616 2910 ἀριθμός
1649 2867 1694 2922 p.
1756 2866 1895 2920 προσ-

201 2914 548 2961 υπακουστέον
599 2914 701 2958 καί
739 2909 855 2957 κατὰ
896 2910 1059 2970 ἄρτιον
1100 2927 1191 2970 mg.
1233 2927 1293 2955 m.
1338 2916 1360 2955 1
1395 2911 1444 2956 Ρ.
1591 2917 1631 2955 3.
1665 2905 1892 2968 ἀριθμός]
