1988 3152
92 1079 147 1120 10

94 1520 147 1560 15

90 1962 149 2004 20

92 2407 149 2448 25

180 124 289 178 334
802 121 1139 165 ΣΤοῙΧΕῙΩΝ
1170 118 1245 176 η’-

968 275 1038 324 κγ
1064 297 1076 309 .

286 356 432 414 Ἐὰν
471 358 782 431 τέσσαρες
813 356 1094 431 ἀριθμοὶ
1126 358 1271 430 ἑξῆς
1302 354 1641 429 ἀνάλογον
1674 351 1863 429 οὖσιν,

180 445 209 502 6
274 446 343 501 δὲ
395 448 648 517 πρῶτος
700 445 901 516 κύβος
953 439 1014 519 ᾗ,
1068 447 1175 502 καὶ
1232 446 1259 502 6
1316 448 1621 518 τέταρτος
1665 446 1866 517 κύβος

180 538 375 589 ἔσται.
1382 595 1390 598 ,

273 620 565 677 ’Ἑστωσαν
614 624 875 694 τέσσαρες
920 621 1156 695 ἀριθμοὶ
1204 623 1328 693 ἑξῆς
1367 621 1649 693 ἀνάλογον
1690 627 1749 679 οἱ
1790 630 1861 694 Α,

178 716 251 780 Β,
282 714 353 779 Γ,
387 715 466 779 A,
522 708 553 765 6
606 709 668 765 δὲ
712 717 766 764 A
811 709 982 781 κύβος
1030 713 1190 766 ἔστω·
1244 711 1412 781 λέγω,
1460 709 1548 765 ὅτι
1586 711 1679 765 καὶ
1728 710 1757 767 6
1810 718 1864 765 A

178 797 349 868 κύβος
388 799 554 854 ἐστίν.

285 884 433 942 Ἐπεὶ
483 885 592 958 γὰρ
642 889 753 941 τῶν
800 893 879 956 A,
913 893 968 941 A
1024 886 1127 942 δύο
1175 888 1332 958 μέσοι
1380 886 1666 958 ἀνάλογόν
1712 891 1855 943 εἰσιν

179 972 413 1048 ἀριθμοὶ
468 977 527 1030 oc
575 981 647 1045 Β,
682 979 750 1046 Γ,
801 977 859 1030 οἱ
900 982 978 1046 A,
1012 982 1067 1030 A
1114 974 1222 1048 ἄρα
1270 974 1462 1047 ὅμοιοί
1502 980 1608 1031 εἰσι
1649 978 1861 1048 στερεοὶ

178 1061 427 1135 ἀριθμοί.
504 1064 676 1135 κύβος
724 1063 786 1119 δὲ
835 1061 865 1120 6
912 1071 986 1119 A·
1040 1063 1212 1136 κύβος
1250 1063 1359 1137 ἄρα
1397 1065 1489 1119 καὶ
1530 1063 1558 1120 6
1601 1072 1677 1119 A·
1725 1063 1859 1138 ὅπερ

180 1154 292 1206 ἔδει
333 1153 522 1218 δεῖξαι.

976 1240 1082 1296 κδ’.

286 1325 432 1383 Ἐὰν
467 1327 585 1383 δύο
620 1327 899 1401 ἀριθμοὶ
930 1329 1093 1403 πρὸς
1126 1327 1453 1401 ἀλλήλους
1484 1329 1685 1401 λόγον
1719 1334 1869 1403 ἔχω-

181 1432 312 1486 σιν,
354 1413 428 1471 ὃν
467 1416 880 1487 τετράγωνος
921 1417 1207 1490 ἀριθμὸς
1244 1417 1408 1490 πρὸς
1445 1418 1865 1491 τετράγωνον

180 1503 501 1576 ἀριθμόν,
557 1502 587 1559 6
645 1505 713 1560 δὲ
766 1508 1019 1578 πρῶτος
1071 1506 1487 1579 τετράγωνος
1547 1500 1607 1580 ᾖ,
1671 1507 1778 1561 καὶ
1835 1504 1863 1562 6

181 1591 492 1663 δεύτερος
529 1591 947 1664 τετράγωνος
988 1598 1187 1649 ἔσται.

293 1679 418 1736 Δύο
465 1679 574 1751 γὰρ
622 1681 856 1753 ἀριθμοὶ
907 1684 966 1737 οἰ
1001 1690 1077 1753 A,
1112 1689 1159 1737 Β
1198 1682 1336 1755 πρὸς
1374 1681 1655 1755 ἀλλήλους
1693 1683 1866 1754 λόγον

181 1768 471 1840 ἐχέτωσαν,
513 1765 582 1824 ὃν
620 1769 966 1842 τετράγωνος
998 1769 1241 1843 ἀριθμὸς
1280 1771 1310 1827 6
1344 1777 1397 1827 Γ
1430 1771 1570 1845 πρὸς
1599 1771 1869 1844 τετράγω-
1942 1795 1947 1801 ·

180 1877 285 1911 νον
324 1853 573 1929 ἀριθμὸν
611 1856 713 1914 τὸν
752 1866 824 1928 Δ,
866 1857 894 1914 6
938 1859 1001 1915 δὲ
1039 1867 1093 1914 A
1130 1858 1475 1931 τετράγωνος
1506 1863 1667 1915 ἐ’στω’
1707 1861 1868 1931 λέγω,

181 1942 266 2000 ὅτι
305 1945 397 2000 καὶ
438 1942 467 2000 6
509 1951 556 2001 Β
596 1946 944 2018 τετράγωνός
985 1949 1150 2004 ἐστιν.

286 2031 434 2089 Ἐπεὶ
473 2033 581 2106 γὰρ
622 2037 682 2090 οί
715 2040 778 2105 Γ,
812 2042 868 2089 A
906 2035 1248 2109 τετράγωνοί
1283 2039 1444 2106 εἰσιν,
1486 2038 1544 2090 οἰ
1578 2040 1642 2106 Γ,
1674 2042 1728 2090 A
1760 2035 1870 2107 ἄρα

181 2119 365 2192 ὅμοιοι
397 2124 653 2178 ἐπίπεδοί
686 2127 845 2179 εἰσιν.
915 2127 1028 2180 τῶν
1067 2129 1132 2195 Γ,
1166 2132 1221 2179 A
1259 2123 1370 2198 ἄρα
1410 2119 1489 2190 εἷς
1527 2124 1692 2196 μέσος
1732 2121 1867 2178 ἀνά-

180 2214 353 2280 λογον
393 2212 642 2282 ἐμπίπτει
680 2210 938 2284 ἀριθμός.
1000 2218 1098 2268 καί
1132 2215 1282 2269 ἐστιν
1323 2211 1398 2279 ὥς
1438 2213 1467 2270 6
1509 2218 1563 2269 Γ
1594 2212 1734 2285 πρὸς
1771 2212 1870 2268 τὸν

180 2304 261 2369 A,
310 2296 340 2354 6
388 2306 442 2353 A
486 2298 626 2371 πρὸς
672 2299 772 2357 τὸν
820 2307 889 2356 Β·
936 2302 1029 2356 καὶ
1074 2305 1187 2358 τῶν
1226 2310 1305 2372 Α,
1336 2308 1384 2357 Β
1422 2300 1534 2373 ἄρα
1581 2297 1659 2368 εἷς
1705 2302 1870 2373 μέσος

181 2385 464 2458 ἀνάλογον
520 2389 769 2459 ἐμπίπτει
823 2388 1080 2461 ἀριθμός.
1156 2395 1254 2445 καί
1305 2393 1455 2446 ἐστιν
1507 2388 1536 2446 6
1584 2397 1638 2445 A
1682 2389 1870 2462 τετρά-

180 2492 380 2546 γωνος·
405 2475 497 2529 καὶ
530 2473 559 2531 6
593 2483 640 2531 Β
666 2479 773 2550 ἄρα
797 2477 1144 2551 τετράγωνός
1168 2480 1341 2534 ἐστιν·
1375 2475 1514 2550 ὅπερ
1541 2481 1654 2534 ἔδει
1680 2479 1868 2544 δεῖξαι.

302 2628 341 2666 7.
393 2619 521 2667 ἔσται
566 2623 716 2680 Bch.
863 2628 904 2670 9.
944 2629 1001 2680 Β,
1046 2624 1111 2682 Γ]
1154 2627 1214 2679 Γ,
1255 2627 1290 2667 Β
1329 2640 1378 2679 φ.
1441 2621 1559 2668 εἰσιν
1600 2623 1651 2670 Ρ.
1798 2629 1867 2669 14.

181 2678 470 2739 τετράγωνος
512 2677 720 2739 ἀριθμὸς
764 2680 908 2742 πρός]
948 2698 1042 2741 mg.
1083 2700 1132 2755 φ.
1202 2680 1493 2738 τετράγωνος
1531 2699 1590 2739 φ,
1631 2683 1713 2728 sed
1752 2697 1868 2729 corr.

185 2744 253 2785 15.
288 2736 496 2798 ἀριθμός
527 2758 577 2798 φ,
610 2742 690 2786 sed
724 2756 835 2787 corr.
899 2737 927 2800 ᾖ
961 2758 1252 2799 τετραγωνος
1276 2742 1427 2797 Bch.
1523 2747 1593 2788 16.
1626 2738 1846 2799 δεύτερος

182 2796 344 2849 λοιπός
373 2799 424 2843 P.
577 2805 646 2844 22.
682 2799 773 2846 εἰσι
803 2802 907 2856 Vm.
1059 2806 1130 2846 23.
1164 2799 1273 2858 καί]
1313 2799 1394 2844 καὶ
1427 2797 1535 2845 ἐπεί
1561 2802 1613 2846 Ρ.
1763 2797 1846 2844 τόν

183 2872 272 2905 om.
305 2857 356 2903 B.
480 2863 550 2902 24.
584 2855 695 2918 τόν]
732 2874 822 2907 om.
856 2861 905 2904 B.
1030 2865 1100 2906 25.
1135 2856 1190 2918 6]
1224 2856 1286 2910 ὡς
1317 2857 1341 2903 ὁ
1374 2858 1424 2903 Ρ.
