1988 3152
256 98 364 151 368
879 102 1216 145 ΣΤΟΙΧΕῙῼΝ
1245 99 1317 147 θ’.

261 219 460 289 μηδενὶ
500 221 613 274 τῶν
652 226 723 288 A,
757 225 822 289 Β,
856 223 909 273 Γ
941 223 1078 275 ἔστω
1120 217 1150 276 5
1191 218 1375 286 αὐτός.
1437 222 1687 294 φανερὸν
1729 223 1818 294 δή,
1859 223 1944 280 ὅτι
1983 211 1988 214 ”

258 329 288 362 ο
331 313 383 361 Ε
417 310 634 379 πρῶτος
674 306 777 363 οὔκ
818 310 982 363 ἐστιν.
1052 312 1103 363 εἰ
1138 307 1246 379 γὰρ
1287 306 1316 365 5
1361 316 1412 364 Ε
1446 311 1662 382 πρῶτός
1702 312 1816 366 ἐστι
1853 312 1947 368 καὶ
1984 334 1988 339 ·

174 435 180 440 -
257 407 446 466 μετρεῖ
480 394 579 450 τὸν
622 402 700 466 A,
747 396 839 450 καὶ
884 393 983 451 τὸν
1024 403 1077 450 A
1123 396 1379 468 μετρήσει
1416 401 1639 471 πρῶτον
1680 397 1816 453 ὄντα
1869 399 1942 471 μὴ

262 480 345 539 ὢν
378 480 527 557 αὐτῷ
563 480 591 538 5
633 481 820 549 αὐτός·
870 482 1004 556 ὅπερ
1045 484 1194 540 ἐστὶν
1235 482 1535 542 ἀδύνατον.
1605 485 1708 542 οὐκ
1756 486 1866 560 ἄρα
1914 485 1944 543 5

205 584 231 624 5
263 576 316 625 E
367 570 583 641 πρῶτός
622 573 788 627 ἐστιν.
866 571 1141 637 σύνθετος
1193 570 1318 644 ἄρα.
1402 582 1509 638 πᾶς
1564 573 1626 629 δὲ
1673 574 1949 641 σύνθετος

259 658 503 730 ἀριθμὸς
548 656 659 714 ὑπὸ
707 658 933 732 πρώτου
977 659 1132 725 τινὸς
1179 657 1428 732 ἀριθμοῦ
1476 673 1772 733 μετρεῖται·
1820 661 1848 718 5
1899 668 1951 718 Ε

261 748 371 820 ἄρα
408 744 519 803 ὑπὸ
560 747 784 821 πρώτου
821 747 975 813 τινὸς
1013 746 1266 821 ἀριθμοῦ
1306 760 1595 820 μετρεῖται.
1672 752 1814 822 λέγω
1855 751 1944 822 δή,

260 834 346 891 ὅτι
388 833 487 890 ’ὑπ’
549 833 786 901 οὐδενὸς
833 835 1008 891 ἄλλου
1063 837 1288 909 πρώτου
1342 837 1748 909 μετρηθήσεται
1804 840 1950 911 πλὴν

259 928 361 980 τοῦ
408 932 475 979 A.
553 929 603 980 εἰ
648 924 755 998 γὰρ
802 922 903 996 ὑφ’
955 926 1147 998 ἑτέρου
1194 938 1469 999 μετρεῖται
1517 924 1542 982 t‘:
1595 933 1669 998 E,
1719 926 1748 983 5
1800 928 1862 983 δὲ
1900 933 1952 983 Ε

176 1026 230 1066 10
261 1013 362 1069 τὸν
411 1021 466 1069 A
513 1025 723 1085 μετρεῖ,
777 1010 1034 1079 κάκεῖνος
1079 1012 1188 1086 ἄρα
1234 1013 1332 1070 τὸν
1382 1022 1436 1070 A
1483 1013 1762 1086 μετρήσει·
1811 1013 1949 1072 ὥστε

258 1102 351 1157 καὶ
397 1102 498 1158 τὸν
544 1110 597 1157 A
651 1101 910 1174 μετρήσει
963 1105 1186 1173 πρῶτον
1241 1101 1378 1158 ὄντα
1440 1102 1512 1174 μὴ
1570 1100 1651 1159 ω”ν
1707 1102 1856 1180 αὐτῷ
1918 1101 1948 1159 5

261 1189 453 1256 αὐτός·
495 1188 629 1262 ὅπερ
664 1191 814 1246 ἐστὶν
848 1188 1148 1246 ἀδύνατον.
1214 1189 1242 1246 5
1284 1199 1337 1246 A
1376 1189 1486 1262 ἄρα
1524 1188 1624 1246 τὸν
1665 1198 1718 1247 Ε
1752 1203 1950 1263 μετρεῖ.

260 1279 354 1334 καὶ
401 1279 517 1334 ἐπεὶ
565 1277 594 1335 5
645 1286 697 1334 Ε
738 1278 839 1335 τὸν
889 1286 944 1334 A
998 1291 1206 1352 μετρεῖ,
1268 1284 1527 1353 μετρείτω
1587 1277 1760 1336 αὐτὸν
1815 1279 1952 1336 κατὰ

261 1365 362 1423 τὸν
411 1373 470 1423 Z.
547 1368 714 1438 λέγω,
764 1365 849 1422 ὅτι
909 1365 938 1423 5
989 1373 1034 1421 Ζ
1084 1366 1276 1424 οὐδενὶ
1331 1371 1443 1422 τῶν
1490 1375 1567 1438 A,
1600 1374 1673 1439 Β,
1709 1374 1761 1423 Γ
1803 1371 1952 1426 ἐστιν

175 1467 230 1509 15
264 1453 294 1511 5
360 1453 542 1521 αὐτός.
635 1459 685 1510 εί
737 1455 844 1529 γὰρ
901 1453 930 1511 5
994 1462 1038 1510 Z
1093 1457 1178 1511 ἑνὶ
1232 1459 1346 1512 τῶν
1401 1464 1477 1526 A,
1510 1462 1583 1527 Β,
1616 1461 1670 1511 Γ
1718 1459 1867 1513 ε’στιν
1924 1455 1953 1513 5

262 1543 433 1608 αὐτὸς
488 1544 581 1599 καὶ
635 1555 824 1616 μετρεῖ
864 1543 961 1600 τὸν
1011 1552 1065 1599 A
1110 1544 1248 1599 κατὰ
1297 1543 1396 1600 τὸν
1443 1551 1516 1615 Ε,
1571 1546 1662 1600 καὶ
1711 1540 1788 1611 εἷς
1842 1545 1953 1619 ἄρα

261 1637 377 1688 τῶν
423 1641 500 1702 A,
532 1638 606 1703 Β,
640 1638 693 1688 Γ
731 1631 832 1688 τὸν
879 1639 933 1687 A
979 1644 1167 1704 μετρεῖ
1210 1633 1348 1688 κατὰ
1396 1631 1498 1689 τὸν
1546 1639 1608 1688 Ε.
1687 1631 1827 1689 ἀλλὰ
1876 1628 1955 1699 εἷς

265 1725 380 1778 τῶν
420 1730 490 1792 A,
523 1727 589 1791 Β,
622 1726 675 1777 Γ
705 1720 804 1777 τὸν
844 1728 899 1776 A
937 1733 1125 1795 μετρεῖ
1159 1721 1298 1777 κατά
1337 1744 1463 1777 τινα
1510 1726 1623 1778 τῶν
1673 1730 1749 1793 A,
1783 1728 1856 1792 Β,
1889 1726 1953 1777 Γ·

265 1810 358 1865 καὶ
407 1807 435 1865 5
486 1816 539 1865 E
582 1811 688 1883 ἄρα
736 1810 820 1864 ἑνὶ
865 1813 977 1864 τῶν
1018 1817 1093 1879 Α,
1128 1815 1200 1880 Β,
1234 1814 1287 1864 Γ
1321 1811 1470 1865 ἐστιν
1511 1807 1540 1865 5
1582 1807 1774 1875 αὐτός·
1821 1808 1957 1883 ὅπερ

183 1914 240 1954 20
273 1897 375 1970 οὐχ
414 1896 715 1955 ὑπόκειται.
786 1896 888 1953 οὐκ
934 1897 1046 1971 ἄρα
1086 1896 1115 1954 5
1159 1904 1204 1953 Z
1245 1898 1329 1953 ἑνὶ
1368 1902 1481 1954 τῶν
1520 1905 1590 1968 Α,
1625 1905 1690 1969 Β,
1722 1903 1775 1954 Γ
1808 1901 1958 1954 ἐστιν

266 1984 296 2043 5
355 1984 536 2052 αὐτός.
614 1985 818 2058 ὁμοίως
883 1986 951 2057 δὴ
1009 1990 1288 2057 δείξομεν,
1352 1984 1436 2042 ὅτι
1490 1999 1766 2059 μετρεῖται
1822 1985 1851 2042 5
1909 1993 1954 2042 Z

265 2072 374 2130 ὑπὸ
414 2079 514 2131 τοτ’
556 2083 626 2145 Λ,
669 2074 986 2139 δεικνύντες
1024 2073 1210 2146 πάλιν,
1252 2073 1335 2130 ὅτι
1376 2073 1406 2131 5
1449 2081 1492 2130 Z
1527 2074 1630 2131 οὔκ
1663 2078 1776 2131 ἐστι
1809 2079 1951 2146 πρῶ-

266 2185 375 2229 τος.
453 2167 503 2219 εἰ
539 2163 665 2235 γάρ,
706 2163 797 2217 καὶ
838 2174 1026 2235 μετρεῖ
1058 2162 1158 2218 τὸν
1204 2171 1282 2235 A,
1330 2165 1422 2220 καὶ
1461 2162 1559 2220 τὸν
1599 2171 1652 2219 A
1698 2165 1988 2236 μετρήσει4

269 2256 491 2325 πρῶτον
539 2250 674 2307 ὄντα
722 2251 794 2322 μὴ
836 2247 918 2307 ὢν
958 2250 1107 2328 αὐτῷ
1150 2250 1178 2308 5
1222 2250 1412 2318 αὐτός·
1454 2253 1588 2325 ὅπερ
1629 2252 1778 2308 ἐστὶν
1822 2249 1988 2308 ἁδύ--

385 2461 428 2500 2.
471 2452 595 2515 ἔστι]
647 2452 771 2501 ἔστιν
817 2456 866 2500 Ρ.
990 2461 1030 2502 3.
1064 2454 1156 2516 μή]
1208 2457 1289 2501 καὶ
1335 2454 1398 2514 μή
1444 2474 1493 2513 φ.
1633 2462 1673 2503 5.
1718 2454 1812 2503 ἐστι
1856 2458 1959 2531 VP.

267 2508 399 2567 ἅπας
430 2515 480 2560 Β.
604 2521 644 2559 6.
679 2511 703 2559 5
740 2518 779 2558 E
811 2510 907 2573 ἄρα
932 2541 987 2548 -
1015 2521 1061 2560 7:
1096 2516 1362 2574 μετρεῖται]
1398 2529 1488 2560 om.
1520 2515 1671 2573 BVzp.
1796 2523 1835 2562 7.
1869 2517 1957 2576 δη]

270 2589 360 2620 om.
409 2573 513 2629 Vq).
667 2580 707 2619 8.
749 2572 896 2631 πλήν]
947 2589 971 2619 e
1021 2589 1134 2621 corr.
1171 2577 1224 2620 V.
1380 2580 1447 2620 10.
1496 2577 1683 2635 μετρεῖ]
1726 2591 1815 2621 om.
1855 2575 1958 2632 ch.

273 2638 342 2680 13.
383 2633 491 2691 καί]
539 2649 599 2677 m.
641 2639 666 2677 2
708 2634 761 2677 V.
826 2632 985 2679 αὐτῶν
1033 2652 1092 2690 φ,
1135 2635 1217 2679 sed
1255 2648 1370 2679 corr,
1496 2639 1564 2679 15.
1607 2635 1652 2679 εἰ
1686 2634 1775 2692 γάρ
1800 2661 1856 2669 -
1884 2641 1959 2680 162

268 2689 440 2764 αὐτός)
474 2708 533 2735 m.
567 2706 656 2738 reo.
693 2692 742 2738 B.
857 2699 926 2738 21.
962 2687 1034 2738 ὅτι
1059 2719 1115 2727 ·—-
1141 2699 1220 2738 22:
1253 2690 1413 2751 πάλιν]
1447 2708 1540 2749 mg.
1574 2710 1633 2738 m.
1676 2700 1702 2739 2
1736 2694 1787 2739 Β.
1888 2699 1959 2740 22.

271 2747 365 2809 ὅτι]
408 2768 483 2796 οτι
514 2748 601 2796 οὔκ
636 2752 732 2797 ἐστι
763 2752 916 2810 BVep.
952 2774 953 2777 ¹
1017 2750 1042 2796 5
1077 2757 1111 2797 Z
1136 2779 1190 2785 —
1218 2759 1296 2797 23:
1337 2749 1419 2796 τὸν
1460 2752 1529 2809 Δ]
1571 2768 1633 2799 m.
1674 2759 1700 2797 2
1733 2753 1788 2798 V.
1889 2758 1979 2799 22..

272 2807 360 2855 οὔκ
396 2808 513 2878 ἔστι]
548 2825 637 2856 om.
670 2811 821 2868 Bun.
947 2818 1017 2856 23.
1053 2811 1098 2857 εἰ
1126 2810 1251 2915 quiex}
1286 2810 1333 2856 εἰ
1369 2809 1458 2869 γάρ
1501 2812 1595 2858 ἐστι
1636 2813 1818 2870 πρῶτος
1856 2811 1985 2869 BV„

274 2869 400 2914 idem
432 2887 467 2926 φ
500 2885 549 2915 m
579 2886 671 2929 mg.
802 2875 871 2915 24.
908 2867 1051 2929 ἐστίν]
1086 2885 1174 2916 om.
1260 2888 1310 2927 φ.
