1988 3152
215 102 325 155 354
840 102 1175 144 ΣΤοΙΧΕΙῼΝ
1205 99 1276 146 θ’.

213 219 323 293 ἄρα
361 218 460 276 τὸν
500 226 554 276 Γ
585 230 772 292 μετρεῖ
807 218 944 293 κατὰ
986 218 1083 285 τὰς
1125 220 1185 274 ἐν
1225 223 1300 295 τῷ
1341 227 1394 275 A
1432 220 1703 291 μονάδας·
1781 219 1810 277 5
1852 230 1905 278 A

211 307 320 381 ἄρα
352 307 452 364 τὸν
476 314 523 362 Β
555 307 1044 372 πολλαπλασιάσας
1076 306 1175 363 τὸν
1201 313 1255 363 Γ
1278 313 1591 380 πεποίηκεν.
1647 310 1761 365 ἐπεὶ
1796 304 1902 367 οὖν

212 393 241 452 5
290 405 343 452 A
389 394 589 452 ἑαυτὸν
649 395 751 466 μὲν
805 395 1294 462 πολλαπλασιάσας
1340 395 1440 453 τὸν
1489 403 1537 452 Β
1582 403 1899 469 πεποίηκεν,
1968 449 1971 451 ,

209 483 306 541 τὸν
347 484 408 540 δὲ
432 491 478 539 Β
511 483 998 549 πολλαπλασιάσας
1028 483 1130 539 τὸν
1154 490 1208 540 Γ
1233 489 1548 556 πεποίηκεν,
1589 486 1760 557 κύβος
1792 485 1901 558 ἄρα

150 579 176 620 5
210 573 360 629 ἐστὶν
407 570 437 629 5
478 578 537 628 Γ.
614 573 707 628 καὶ
756 573 869 628 ἐπεὶ
918 574 975 628 οἱ
1011 577 1074 643 Γ,
1119 580 1197 643 Δ,
1238 580 1311 644 Ε,
1353 580 1397 628 Ζ
1445 574 1569 645 ἑξῆς
1616 572 1902 646 ἀνάλογόν

208 666 370 732 εἰσιν,
411 658 440 717 5
483 661 544 716 δὲ
582 666 635 717 Γ
667 660 839 732 κύβος
879 661 1050 731 ἐστίν,
1088 661 1180 716 καὶ
1220 659 1249 717 5
1285 668 1329 716 Ζ
1369 660 1478 734 ἄρα
1523 661 1694 733 κύβος
1735 666 1900 719 ἐστίν.

208 753 433 821 ἐδείχθη
484 749 546 804 δὲ
591 750 682 804 καὶ
728 748 1097 821 τετράγωνος·
1156 747 1185 804 5
1227 747 1338 822 ἄρα
1378 751 1617 821 ἕβδομος
1657 749 1763 807 ἀπὸ
1805 757 1902 824 τῆς

209 838 456 910 μονάδος
510 837 682 909 κύβος
733 839 795 893 τέ
846 840 959 893 ἐστι
1004 838 1096 892 καὶ
1144 837 1501 910 τετράγωνος.
1580 837 1784 910 ὁμοίως
1831 841 1900 912 δὴ

209 930 490 999 δείξομεν,
533 925 617 982 ὅτι
656 927 749 980 καὶ
791 928 848 981 οἱ
883 927 1044 981 πέντε
1085 930 1460 993 διαλείποντες
1498 927 1699 994 πάντες
1736 929 1901 1000 κύβοι

124 1029 179 1069 10
212 1017 273 1070 τέ
309 1018 415 1070 εἰσι
454 1014 547 1069 καὶ
586 1014 946 1087 τετράγωνοι·
1002 1013 1135 1087 ὅπερ
1176 1018 1288 1071 ἔδει
1329 1016 1515 1083 δεῖξαι.

1005 1177 1087 1232 θ’.

320 1277 467 1335 Ἐὰν
516 1277 639 1335 ἀπὸ
690 1279 984 1352 μονάδος
1031 1277 1393 1336 ὁποσοιοῦν
1442 1282 1587 1353 ἑξῆς
1632 1281 1791 1337 κατὰ
1829 1283 1898 1339 τὸ

202 1367 471 1439 συνεχὲς
511 1366 790 1440 ἀριθμοὶ
824 1367 1159 1439 ἀνάλογον
1193 1362 1380 1439 ὦσιν,
1422 1367 1452 1425 5
1488 1371 1558 1426 δὲ
1590 1370 1748 1442 μετὰ
1780 1371 1900 1443 τὴν

201 1455 457 1529 μονάδα
488 1457 901 1529 τετράγωνος
932 1450 998 1530 ᾗ,
1030 1457 1137 1512 καὶ
1172 1459 1236 1512 oc
1263 1458 1492 1514 λοιποὶ
1525 1458 1764 1526 πάντες
1803 1483 1899 1516 τε-

114 1567 167 1606 15
200 1545 533 1618 τράγωνοι
574 1550 856 1601 ἔσονται.
926 1546 1034 1601 καὶ
1068 1543 1180 1601 ἐὰν
1214 1543 1243 1602 5
1286 1546 1441 1617 μετὰ
1482 1550 1602 1619 τὴν
1641 1549 1897 1619 μονάδα

198 1634 401 1706 κύβος
441 1627 502 1707 ᾗ,
541 1635 649 1689 καὶ
690 1637 755 1689 οἱ
790 1634 1012 1690 λοιποὶ
1051 1633 1287 1699 πάντες
1325 1634 1520 1705 κύβοι
1560 1640 1841 1693 ἔσονται.

295 1722 588 1779 ’Έστωσαν
630 1720 737 1778 ἀπὸ
785 1723 1032 1794 μονάδος
1074 1724 1198 1794 ἑξῆς
1244 1722 1528 1795 ἀνάλογον
1571 1723 1896 1799 ὁσοιδηποτ-

203 1815 308 1868 οῦν
356 1810 592 1885 ἀριθμοὶ
637 1813 695 1866 οἰ
732 1820 808 1880 Α,
847 1818 920 1882 Β,
960 1816 1030 1881 Γ,
1073 1819 1145 1882 Δ,
1186 1818 1260 1882 Ε,
1300 1818 1372 1883 Ζ,
1421 1811 1451 1869 5
1505 1813 1566 1869 δὲ
1613 1813 1747 1886 μετὰ
1793 1814 1896 1887 τὴν

495 1934 545 1974 A!

495 2022 547 2062 Βι

497 2111 1004 2151 F1————1

492 2202 1174 2241 Ai———ffi——t

755 1944 762 1973 Ι

1346 2286 1402 2329 {E

1555 2317 1589 2358 Z

527 2374 534 2404 l
1605 2376 1610 2404 ί

191 2461 412 2533 μονάδα
462 2460 491 2519 5
531 2471 585 2519 A
622 2462 966 2535 τετράγωνος
1005 2466 1166 2517 ἔστω·
1228 2463 1388 2533 λέγω,
1429 2460 1514 2518 ὅτι
1551 2463 1645 2518 καὶ
1685 2468 1744 2520 oc
1778 2472 1891 2521 λοι-

99 2577 157 2618 20
189 2550 284 2607 ποὶ
322 2551 524 2618 πάντες
561 2551 904 2623 τετράγωνοι
943 2555 1182 2607 ἔσονται.

287 2637 405 2694 Ὅτι
452 2639 554 2711 μὲν
606 2633 710 2695 οὖν
760 2637 789 2696 5
837 2644 1021 2712 τρίτος
1069 2638 1178 2695 ἀπὸ
1226 2642 1324 2710 τῆς
1362 2639 1613 2711 μονάδος
1653 2638 1682 2697 5
1722 2647 1769 2696 Β
1808 2663 1889 2697 τε·

189 2727 475 2800 τράγωνός
518 2730 633 2784 ἐστι
681 2729 772 2784 καὶ
823 2731 882 2784 οἱ
925 2729 1024 2783 ἕνα
1072 2732 1490 2794 διαπλείποντες
1527 2728 1754 2800 πάντες,
1802 2731 1888 2785 δέ-

310 2882 348 2921 1.
380 2875 443 2933 τῷ
485 2876 548 2934 Α]
591 2871 742 2936 αὐτῷ,
783 2890 924 2934 supra
964 2891 1049 2921 scr.
1089 2882 1126 2921 A
1169 2893 1219 2933 φ.
1341 2881 1383 2922 3.
1416 2874 1531 2934 μέν]
1574 2890 1663 2924 om.
1694 2877 1745 2921 P.
1806 2893 1885 2922 πε-
