1988 3152
543 78 1001 120 ELEMENTORUM
1031 78 1213 119 LIBER
1243 78 1366 121 VIII.
1688 76 1793 128 331

115 203 242 254 sunt
280 201 460 268 [prop.
490 195 640 264 XX].
717 196 826 248 sint
864 199 935 265 Θ,
968 199 1026 248 Κ
1061 197 1233 248 latera
1269 195 1483 248 numeri
1521 198 1592 264 E,
1639 199 1693 248 et
1732 199 1799 265 A,

116 292 189 342 M
233 288 400 340 latera
451 284 661 338 numeri
714 287 784 337 H.
861 284 1046 353 itaque
1094 302 1159 336 ex
1209 284 1552 352 praecedenti
1603 301 1800 352 propo-

124 376 316 430 sitione
368 372 718 426 manifestum
772 375 878 440 est,
931 389 1186 425 numeros
1235 376 1304 439 E,
1338 377 1405 442 Z,
1436 375 1502 425 H
1548 372 1799 441 deinceps

117 461 549 536 proportionales
597 478 718 513 esse
765 461 823 513 in
869 460 1082 513 ratione
1129 464 1175 513 Θ
1207 479 1219 512 :
1251 464 1304 512 A
1343 465 1398 514 et
1436 464 1526 514 K:
1552 458 1683 529 M.¹)
1747 463 1801 512 et

116 551 371 622 quoniam
408 553 478 619 Ε,
516 554 582 619 Ζ,
619 552 686 602 Η
715 546 980 617 minimi2)
1021 551 1149 601 sunt
1189 566 1395 618 eorum,
1425 551 1535 620 qui
1576 549 1801 603 eandem

116 639 382 693 rationem
410 637 617 693 habent
649 656 711 692 ac
743 642 810 707 A,
841 640 902 706 Γ,
935 641 1004 706 A,
1044 640 1098 689 et
1132 637 1421 691 multitudo
1454 656 1802 691 numerorum

114 731 178 796 E,
212 731 278 796 Z,
303 730 369 779 Η
401 728 639 797 aequalis
680 729 763 779 est
802 726 1137 779 multitudini
1166 744 1516 779 numerorum
1554 731 1623 797 A,
1645 728 1708 796 Γ,
1731 729 1801 795 A,

118 835 183 869 ex
229 834 400 885 aequo
448 817 552 868 erit
597 820 690 869 E:
721 818 787 868 Η
812 840 882 858 --
914 820 968 867 Α
999 833 1011 866 z
1046 819 1102 866 A
1143 814 1288 884 [VII,
1324 815 1434 882 14].
1511 815 1604 868 sed
1643 819 1714 884 E,
1744 818 1811 867 H

114 904 276 974 primi
330 907 476 973 sunt,
530 903 694 973 primi
750 906 932 956 autem
987 903 1150 956 etiam
1210 903 1426 956 minimi
1483 902 1636 972 [VII,
1683 903 1803 970 21]‚

115 993 326 1045 minimi
387 996 568 1045 autem
632 1011 747 1062 eos,
809 992 902 1061 qui
965 992 1189 1045 eandem
1250 991 1520 1045 rationem
1580 991 1802 1060 habent,

118 1081 413 1149 aequaliter
451 1082 770 1151 metiuntur,
809 1081 983 1134 maior
1021 1081 1283 1134 maiorem
1323 1084 1377 1132 et
1416 1081 1594 1134 minor
1632 1081 1803 1134 mino-

114 1186 229 1221 rem
277 1167 429 1237 [VII,
461 1170 578 1238 20]‚
617 1170 668 1222 h.
709 1188 751 1222 e.
796 1169 1123 1239 praecedens
1169 1168 1575 1236 praecedentem
1620 1171 1674 1220 et
1722 1185 1802 1220 se-

116 1275 284 1325 quens
318 1261 645 1325 sequentem.
705 1258 887 1327 itaque
927 1261 981 1310 E
1013 1274 1296 1311 numerum
1333 1262 1388 1309 A
1427 1259 1482 1310 et
1521 1259 1587 1309 H
1615 1275 1802 1310 nume-

121 1363 239 1397 rum
280 1350 337 1397 A
375 1345 675 1414 aequaliter
713 1346 949 1399 metitur.
1025 1346 1136 1398 iam
1176 1345 1388 1414 quoties
1429 1349 1483 1399 E
1518 1363 1802 1398 numerum

105 1429 167 1486 'A
198 1433 430 1503 metitur,
460 1436 546 1487 tot
574 1435 812 1487 unitates
846 1436 957 1488 sint
989 1435 1046 1487 in
1077 1437 1150 1489 N.
1214 1434 1397 1504 itaque
1429 1438 1495 1487 N
1505 1447 1577 1491 ><
1595 1437 1648 1487 E
1663 1460 1731 1478 =
1750 1438 1803 1487 A

117 1520 246 1587 [VII
280 1521 381 1575 def.
417 1522 526 1589 15].
602 1541 789 1576 uerum
828 1526 882 1575 E
904 1547 974 1566 =
999 1526 1048 1575 Θ
1070 1535 1141 1579 ><
1168 1526 1237 1576 Κ.
1313 1523 1496 1593 itaque

662 1614 727 1663 N
745 1624 814 1667 ><
841 1614 889 1663 Θ
912 1623 983 1667 ><
1009 1615 1067 1665 Κ
1090 1637 1158 1655 --
1183 1615 1250 1663 Α.

120 1717 248 1768 ergo
286 1704 341 1751 A
380 1699 582 1753 solidus
624 1703 728 1767 est,
769 1700 941 1752 latera
981 1702 1162 1752 autem
1202 1700 1316 1753 eius
1356 1703 1424 1768 Θ,
1457 1702 1525 1767 Κ,
1556 1702 1629 1751 Ν.
1690 1717 1803 1751 rur-

116 1806 206 1840 sus
241 1788 496 1856 quoniam
529 1792 593 1856 E,
626 1790 686 1855 Z,
716 1790 783 1840 H
805 1789 1018 1840 minimi
1050 1791 1176 1841 sunt
1211 1806 1412 1856 eorum,
1453 1787 1545 1856 qui
1577 1787 1804 1840 eandem

119 1876 384 1928 rationem
433 1875 637 1928 habent
684 1893 746 1928 ac
784 1878 851 1944 Γ,
884 1880 962 1944 A,
992 1873 1110 1947 B3),
1157 1878 1211 1927 E
1244 1893 1529 1928 numerum
1567 1878 1709 1929 Fet
1746 1879 1812 1928 H

117 1982 401 2018 numerum
431 1969 478 2018 B
514 1966 808 2034 aequaliter
839 1966 1062 2018 metitur
1095 1964 1239 2033 [VIL
1270 1966 1381 2032 20].
1444 1966 1551 2018 iam
1593 1965 1803 2034 quoties

238 2141 282 2196 1)
317 2139 438 2183 Nam
467 2140 517 2183 in
548 2154 680 2196 prop.
715 2144 772 2184 20
803 2139 1175 2184 demonstratum
1206 2140 1278 2183 est

507 2200 1406 2243 A2P=P213=A2E==Z2ff

232 2259 277 2314 2)
309 2258 411 2302 Hoc
449 2258 601 2302 solum
637 2258 806 2313 utitur,
847 2258 973 2313 quod
1010 2257 1193 2302 numeri
1232 2260 1294 2313 E,
1331 2259 1385 2314 Z,
1420 2260 1471 2301 H
1499 2257 1547 2302 et
1575 2259 1634 2314 Α,
1668 2258 1728 2312 Γ,
1763 2259 1804 2299 Δ

114 2315 483 2376 proportionales
516 2318 636 2361 sunt.

234 2378 278 2432 3)
309 2376 431 2420 Nam
471 2377 1627 2431 A2F=P2A=A23=E22=Z:H‚
1670 2376 1717 2419 et
1748 2376 1803 2430 E,

117 2437 175 2490 Z,
209 2438 258 2479 H
287 2433 470 2479 minimi
503 2436 611 2480 sunt
639 2435 690 2478 in
719 2433 902 2479 ratione
934 2440 970 2479 A
996 2454 1006 2479 :
1036 2437 1079 2478 Γ
1107 2436 1154 2479 et
1187 2438 1259 2479 I':
1288 2440 1342 2479 A.

117 2624 229 2685 τόν]
256 2641 345 2672 om.
369 2626 420 2673 Β.
513 2632 553 2674 5.
586 2623 690 2685 τόν]
726 2640 813 2671 om.
848 2626 898 2669 B.
962 2624 1078 2670 εἰσιν
1110 2625 1160 2669 Ρ.
1254 2631 1293 2670 6.
1326 2627 1415 2670 καί
1440 2623 1565 2671 ἐστιν
1592 2653 1648 2660 -
1674 2632 1721 2672 7:
1754 2620 1804 2682 A,

122 2687 174 2737 Γ,
199 2686 260 2743 Δ]
286 2700 375 2730 om.
402 2686 564 2732 Theon
586 2685 771 2743 (Bqu).
868 2689 935 2729 15.
962 2681 1049 2743 δή]
1076 2682 1131 2729 δέ
1155 2685 1256 2741 ch.
1352 2689 1421 2730 18.
1447 2687 1676 2742 πεποίηκε
1702 2686 1802 2741 Vq).

121 2748 194 2789 20.
226 2745 303 2804 N]
336 2744 385 2789 in
415 2759 505 2792 ras,
538 2746 593 2790 V.
715 2749 785 2790 22.
820 2744 891 2802 H]
925 2744 974 2788 in
1004 2757 1093 2788 ras.
1127 2760 1176 2800 φ.
1299 2740 1388 2803 δή]
1423 2743 1478 2790 δέ
1510 2745 1658 2802 Bqu.
