1988 3152
223 82 294 136 38
861 83 1196 127 ΣΤΟΙΧΕῙῼΝ
1227 99 1247 128 ε
1257 79 1286 128 ’.

220 200 312 256 καὶ
363 203 414 255 εἰ
460 203 714 268 ἔλαττον,
770 202 1014 255 ἔλαττον.
1093 200 1232 256 ὥστε
1286 201 1378 256 καὶ
1433 205 1485 257 ει’
1542 199 1794 274 ὑπερέχει
1845 202 1908 259 τὸ

221 294 288 343 Η
325 291 427 344 τοῦ
475 294 551 369 A,
599 286 851 359 ὑπερέχει.
897 289 988 344 καὶ
1035 287 1102 344 τὰ
1148 295 1231 359 Η,
1257 294 1412 360 Θ,Κ
1456 293 1569 346 τῶν
1618 295 1694 360 Λ,
1720 295 1810 361 Μ,
1835 297 1911 361 Ν,

223 377 316 431 καὶ
358 380 408 432 ει’
447 383 590 447 ἴσον,
634 383 753 446 ἴσα,
784 376 878 432 καὶ
918 379 969 432 εἰ
1006 381 1260 448 ἔλαττον,
1302 382 1581 434 ἔλαττονα.
1657 384 1755 434 καί
1798 380 1911 435 ἐστι

224 463 286 521 τὸ
337 465 438 536 μὲν
485 471 547 520 Η
589 465 682 520 καὶ
727 463 795 522 τὰ
840 471 924 536 Η,
949 471 1104 536 Θ,Κ
1138 469 1240 522 τοῦ
1279 474 1333 522 A
1381 466 1625 522 καὶτῶν
1665 471 1917 536 Α,Γ,Ε

167 562 193 602 5
227 553 409 619 ἰσάκις
432 553 837 625 πολλαπλάσια,
871 553 1165 627 ἐπειδήπερ
1198 553 1297 610 ἐὰν
1328 547 1362 627 ᾖ
1390 552 1678 611 ὁποσαοῦν
1702 556 1910 626 μεγέθη

223 640 557 699 ὁποσωνοῦν
597 647 855 714 μεγεθῶν
896 649 1035 698 ἴσων
1066 641 1128 698 τὸ
1160 646 1379 713 πλῆθος
1410 644 1643 699 ἕκαστον
1676 642 1912 699 ἑκάστου

223 729 404 796 ἰσάκις
441 731 878 800 πολλαπλάσιον,
919 727 1266 786 ὁσαπλάσιόν
1315 734 1465 788 ἐστιν
1505 734 1566 787 ἓν
1604 734 1718 787 τῶν
1758 753 1912 803 μεγε-

221 822 349 874 θῶν
397 817 553 889 ἑνός,
607 818 1060 875 τοσαυταπλάσια
1108 822 1260 874 ἔσται
1315 819 1408 875 καὶ
1454 818 1521 875 τὰ
1571 819 1753 876 πάντα
1799 823 1911 876 τῶν

221 905 462 962 πάντων.
549 906 643 963 διὰ
690 906 757 963 τὰ
799 905 939 962 αὐτὰ
980 905 1049 977 δὴ
1090 907 1182 961 καὶ
1220 905 1284 963 τὸ
1324 914 1376 963 Λ
1414 908 1506 963 καὶ
1545 907 1611 963 τὰ
1645 915 1714 979 Λ,
1740 915 1822 979 Μ,
1855 914 1920 964 Ν

135 1003 192 1043 10
224 998 325 1050 τοῦ
372 1001 419 1050 Β
470 995 564 1049 καὶ
617 997 731 1051 τῶν
786 1001 860 1065 Β,
895 1002 974 1065 A,
1011 1001 1055 1049 Ζ
1113 993 1292 1061 ἰσάκις
1338 995 1451 1051 ἐστὶ
1506 996 1912 1052 πολλαπλάσια·

220 1086 371 1138 ἔστιν
418 1081 530 1155 ἄρα
577 1081 653 1149 ὥς
698 1081 760 1139 τὸ
802 1090 854 1137 Α
893 1080 1033 1154 πρὸς
1070 1081 1133 1138 τὸ
1183 1088 1257 1153 Β,
1308 1083 1485 1149 οὕτως
1530 1083 1596 1138 τὰ
1646 1092 1723 1154 A,
1756 1089 1829 1156 Γ,
1862 1091 1913 1140 Ε

219 1169 360 1243 πρὸς
397 1169 465 1226 τὰ
507 1177 580 1242 Β,
610 1178 690 1243 A,
716 1177 773 1228 Z.

326 1257 460 1315 Ἐὰν
517 1259 628 1332 ἄρα
679 1252 714 1333 ᾖ
772 1257 1059 1316 ὁποσαοῦν
1114 1260 1326 1332 μεγέθη
1382 1260 1695 1332 ἀνάλογον,
1759 1265 1910 1317 ἔσται

221 1343 296 1412 ὥς
335 1349 396 1402 ἓν
435 1350 550 1403 τῶν
589 1345 919 1419 ἡγουμένων
958 1349 1097 1420 πρὸς
1136 1350 1198 1403 ἓν
1237 1352 1352 1404 τῶν
1386 1349 1693 1421 ἑπομένων,
1735 1348 1913 1415 οὕτως

134 1444 188 1484 15
222 1434 440 1490 ἅπαντα
479 1435 546 1490 τὰ
584 1434 869 1507 ἡγούμενα
908 1435 1047 1509 πρὸς
1086 1434 1304 1492 ἅπαντα
1342 1435 1409 1491 τὰ
1464 1437 1727 1509 ἑπόμενα·
1778 1437 1912 1508 ὅπερ

222 1526 333 1580 ἔδει
375 1525 564 1591 δεῖξαι.

1017 1597 1110 1668 ιγ’.

329 1685 475 1742 Ἐὰν
514 1690 775 1757 πρῶτον
814 1684 977 1759 πρὸς
1016 1685 1339 1757 δεύτερον
1378 1684 1493 1743 τὸν
1543 1685 1748 1744 αὐτὸν
1801 1692 1910 1761 ἔχῃ

220 1774 423 1846 λόγον
483 1776 590 1831 καὶ
639 1779 866 1848 τρίτον
921 1774 1082 1848 πρὸς
1141 1776 1489 1847 τέταρτον,
1550 1781 1777 1848 τρίτον
1843 1775 1913 1832 δὲ

132 1879 191 1920 20
222 1862 382 1937 πρὸς
428 1865 745 1935 τέταρτον
797 1869 1064 1935 μείζονα
1111 1863 1314 1935 λόγον
1367 1868 1476 1937 ἔχῃ
1531 1861 1565 1935 ἢ
1621 1866 1912 1936 πέμπτον

219 1951 378 2024 πρὸς
410 1954 625 2024 ἕκτον,
657 1952 766 2011 καὶ
799 1956 1062 2025 πρῶτον
1094 1951 1257 2024 πρὸς
1290 1951 1606 2023 δεύτερον
1640 1958 1913 2024 μείζονα

219 2040 423 2112 λόγον
464 2042 593 2109 ἕξει
630 2038 666 2113 ἢ
708 2041 1001 2113 πέμπτον
1040 2040 1204 2113 πρὸς
1244 2043 1447 2096 ἕκτον.

331 2133 571 2200 Πρῶτον
610 2127 719 2201 γὰρ
758 2129 820 2186 τὸ
855 2138 908 2185 Α
939 2128 1078 2201 πρὸς
1118 2129 1383 2201 δεύτερον
1423 2128 1485 2185 τὸ
1520 2134 1567 2184 Β
1599 2128 1701 2185 τὸν
1735 2127 1911 2185 αὐτὸν

221 2219 383 2289 ἐχέτω
431 2217 605 2288 λόγον
654 2217 748 2272 καὶ
794 2221 983 2289 τρίτον
1029 2217 1091 2274 τὸ
1142 2223 1196 2274 Γ
1234 2216 1374 2289 πρὸς
1419 2218 1682 2290 τέταρτον
1728 2216 1790 2273 τὸ
1840 2224 1912 2287 A,

39 2374 56 2389 Ο
136 2321 193 2362 25
225 2310 415 2379 τρίτον
463 2306 525 2363 δὲ
575 2304 638 2362 τὸ
686 2311 738 2362 Γ
778 2305 918 2375 πρὸς
969 2307 1232 2378 τέταρτον
1278 2305 1342 2362 τὸ
1384 2313 1439 2362 A
1478 2310 1701 2377 μείζονα
1739 2304 1912 2377 λόγον

224 2395 385 2467 ἐχέτω
433 2391 468 2466 ἢ
516 2396 765 2466 πέμπτον
814 2393 876 2451 vo*
919 2401 971 2450 E
1006 2395 1145 2468 πρὸς
1192 2396 1352 2450 ἕκτον
1397 2393 1461 2450 τὸ
1505 2400 1563 2450 Ζ.
1625 2394 1786 2465 λέγω,
1827 2393 1911 2450 ὅτι

221 2483 314 2538 καὶ
353 2485 576 2554 πρῶτον
614 2481 678 2539 τὸ
719 2490 772 2539 A
809 2481 948 2555 πρὸς
987 2485 1253 2556 δεύτερον
1291 2481 1354 2539 τὸ
1395 2488 1442 2539 Β
1476 2487 1700 2555 μείζονα
1737 2481 1912 2553 λόγον

222 2571 329 2639 ἕξει
367 2569 506 2642 ἥπερ
546 2571 795 2642 πέμπτον
833 2570 895 2627 τὸ
940 2577 991 2626 Ε
1026 2570 1166 2644 πρὸς
1204 2572 1366 2628 ἕκτον
1405 2569 1468 2626 τὸ
1512 2576 1574 2627 Ζ.

345 2695 383 2734 1.
419 2687 613 2734 ἔλασσον
655 2687 851 2734 ἔλασσον
891 2688 947 2735 V.
1100 2694 1140 2734 2.
1181 2686 1261 2748 τά]
1302 2685 1355 2734 τό
1386 2687 1434 2733 Ρ.
1586 2688 1703 2748 τῶν]
1744 2689 1827 2733 τοῦ
1862 2689 1910 2735 Ρ.

284 2753 325 2793 3.
358 2749 435 2793 ἴσα
502 2750 603 2793 ἴσον
634 2747 772 2807 PBp.
808 2747 1003 2794 ἔλασσον
1045 2747 1240 2794 ἔλασσον
1271 2747 1327 2803 Ρ;
1371 2747 1562 2793 ἔλαττον
1596 2747 1787 2793 ἔλαττον
1819 2747 1911 2805 Bp.

283 2812 323 2852 5.
360 2804 446 2852 ἐάν
501 2804 562 2852 ἄν
594 2807 645 2853 Ρ.
799 2813 837 2852 6.
875 2808 1008 2867 ἴσων]
1043 2809 1144 2853 ἴσον
1176 2808 1272 2852 BF.
1428 2812 1467 2852 7.
1499 2804 1823 2852 πολλαπλάσια
1855 2808 1912 2851 V.

285 2871 355 2913 10.
387 2868 472 2911 τοῦ
507 2866 562 2925 Β]
596 2866 688 2912 litt.
723 2870 758 2911 Β
792 2880 816 2911 e
851 2881 964 2913 corr.
998 2868 1047 2913 F.
1172 2864 1292 2925 ἐστί]
1327 2864 1455 2912 ἔσται
1480 2881 1525 2924 p.
1650 2871 1717 2911 11.
1750 2863 1828 2924 τά]
1860 2862 1913 2910 τό
