1988 3152
211 135 226 150 ·
265 173 375 225 314
894 175 1230 219 ΣΤΟΙΧΕΙῼΝ
1261 174 1326 232 η’.

263 314 421 362 τερος
469 292 530 348 δὲ
567 296 681 348 τῶν
723 297 794 362 Γ,
829 300 884 347 A
923 292 1023 348 τὸν
1062 299 1107 348 Ζ
1153 293 1640 359 πολλαπλασιάσας
1691 295 1953 365 ἑκάτερον

264 383 378 436 τῶν
416 387 489 450 Θ,
523 386 579 435 Κ
614 385 853 436 ποιείτω.
922 381 1174 452 φανερὸν
1216 381 1312 453 δή,
1353 381 1438 438 ὅτι
1478 385 1536 438 οί
1573 389 1637 451 Ε,
1672 389 1734 448 Ζ,
1766 390 1831 438 Η
1861 384 1951 438 καὶ

267 470 324 523 οἱ
358 475 430 538 Α,
463 474 527 539 Θ,
562 474 633 539 Κ,
665 473 713 523 Β
753 469 879 539 ἑξῆς
910 466 1194 541 ἀνάλογόν
1233 474 1376 526 εἰσιν
1409 473 1469 526 ἐν
1500 474 1575 544 τῷ
1607 474 1710 526 τοῦ
1742 476 1795 526 Γ
1818 471 1954 542 πρὸς

267 555 368 612 τὸν
409 564 466 611 A
503 555 666 632 λόγῳ.
736 557 830 612 καὶ
870 557 984 612 ἐπεὶ
1026 560 1084 613 οἱ
1118 566 1188 629 Α,
1222 565 1287 629 Θ,
1319 565 1391 628 Κ,
1425 564 1471 613 Β
1513 560 1635 629 ἑξῆς
1673 557 1955 629 ἀνάλογόν

202 655 231 695 5
265 649 434 715 εἰσιν,
473 644 565 699 καὶ
606 656 794 717 μετρεῖ
830 645 859 701 6
900 654 953 701 A
991 645 1093 701 τὸν
1132 652 1204 716 Β,
1253 658 1440 718 μετρεῖ
1476 645 1586 716 ἄρα
1623 647 1716 701 καὶ
1755 645 1854 702 τὸν
1894 653 1954 702 Θ.

265 736 364 788 καί
398 735 549 790 ἐστιν
589 731 664 799 ὡς
703 734 733 791 6
774 742 829 789 A
866 733 1006 805 πρὸς
1042 733 1143 790 τὸν
1183 741 1254 804 Θ,
1298 733 1474 801 οὕτως
1514 733 1543 790 6
1586 739 1639 790 Γ
1675 733 1814 806 πρὸς
1851 733 1952 790 τὸν

268 828 344 876 A·
384 833 575 894 μετρεῖ
610 821 720 895 ἄρα
759 822 851 877 καὶ
892 820 922 878 6
965 827 1019 877 Γ
1047 820 1147 877 τὸν
1188 829 1257 879 A.

372 907 535 965 Ἀλλὰ
584 908 653 981 δὴ
702 915 964 982 μετρείτω
1013 909 1042 965 6
1093 914 1147 965 Γ
1183 907 1283 966 τὸν
1324 917 1398 966 A·
1447 912 1612 981 λέγω,
1666 912 1751 967 ὅτι
1790 911 1881 966 καὶ
1923 933 1952 966 ο

266 1006 318 1053 Α
357 996 457 1053 τὸν
496 1003 543 1052 Β
583 997 855 1070 μετρήσει.

179 1098 235 1136 10
385 1087 510 1141 Τῶν
570 1084 678 1157 γὰρ
742 1083 929 1141 αὐτῶν
991 1086 1557 1140 κατασκευασθέντων
1589 1084 1825 1156 ’ὁμοίως
1887 1083 1955 1155 δὴ

268 1175 548 1245 δείξομεν,
590 1171 676 1229 ὅτι
717 1175 774 1228 oc
810 1181 887 1243 A,
919 1179 992 1243 Θ,
1023 1179 1102 1243 Κ,
1136 1179 1183 1228 Β
1224 1174 1349 1243 ἑξῆς
1387 1171 1672 1243 ἀνάλογόν
1713 1177 1856 1228 εἰσιν
1897 1174 1956 1228 ἐν

266 1265 340 1337 τῷ
388 1265 491 1318 τοῦ
537 1267 591 1317 Γ
629 1260 768 1332 πρὸς
811 1260 913 1317 τὸν
962 1268 1017 1316 A
1063 1260 1227 1336 λόγῳ.
1302 1260 1394 1316 καὶ
1444 1261 1558 1317 ἐπεὶ
1601 1259 1629 1317 6
1674 1266 1726 1317 Γ
1756 1260 1860 1317 τὸν
1902 1268 1956 1316 A

268 1361 476 1422 μετρεῖ,
531 1354 631 1405 καί
671 1352 820 1405 ἐστιν
869 1348 944 1415 ὡς
983 1347 1012 1405 6
1055 1355 1109 1405 Γ
1146 1349 1285 1421 πρὸς
1329 1348 1429 1405 τὸν
1470 1357 1550 1420 A,
1600 1347 1777 1415 οὕτως
1826 1348 1854 1404 6
1906 1356 1958 1403 A

267 1437 405 1510 πρὸς
450 1436 551 1495 τὸν
597 1444 669 1509 Θ,
723 1438 816 1493 καὶ
865 1436 894 1494 6
943 1446 995 1494 A
1040 1437 1149 1510 ἄρα
1188 1437 1287 1494 τὸν
1328 1444 1375 1493 Θ
1421 1448 1628 1509 μετρεῖ·
1678 1438 1816 1493 ὥστε
1865 1437 1956 1491 καὶ

181 1546 236 1586 15
268 1528 372 1584 τὸν
410 1533 457 1583 Β
497 1537 685 1599 μετρεῖ
721 1527 750 1583 6
795 1535 869 1583 A·
910 1526 1045 1599 ὅπερ
1087 1531 1198 1583 ἔδει
1240 1529 1430 1594 δεῖξαι.

1069 1689 1160 1748 ις’.

377 1792 523 1849 Ἐὰν
554 1793 970 1865 τετράγωνος
1002 1791 1290 1865 ἀριθμὸς
1320 1793 1741 1864 τετράγωνον
1765 1788 1957 1862 ἀριθ-

271 1879 394 1953 μὸν
457 1879 538 1953 μὴ
601 1884 826 1954 μετρῇ,
890 1878 1046 1937 οὐδὲ
1107 1881 1141 1952 ἡ
1194 1879 1443 1951 πλευρὰ
1495 1878 1613 1951 τὴν
1667 1877 1957 1949 πλευρὰν

271 1968 602 2042 μετρήσει·
656 1966 779 2025 κᾶν
833 1969 867 2041 ἡ
924 1967 1176 2041 πλευρὰ
1224 1968 1340 2041 τὴν
1379 1965 1668 2039 πλευρὰν
1720 1965 1793 2038 μθ
1850 1989 1958 2038 με-

179 2079 240 2118 20
271 2061 415 2131 τρῇ,
472 2055 628 2114 οὐδὲ
676 2057 705 2114 6
754 2061 1164 2130 τετράγωνος
1208 2056 1325 2113 τὸν
1378 2055 1797 2128 τετράγωνον
1853 2077 1959 2126 με-

269 2147 513 2220 τρήσεα

366 2235 657 2292 ’Έστωσαν
703 2235 1042 2307 τετράγωνοι
1091 2232 1327 2305 ἀριθμοὶ
1376 2235 1434 2289 οί
1478 2241 1556 2303 A,
1598 2238 1671 2302 Β,
1726 2231 1959 2303 πλευραὶ

273 2325 335 2382 δὲ
374 2322 560 2381 αὐτῶν
600 2329 848 2380 ἔστωσαν
888 2326 946 2380 οἶ
983 2328 1046 2393 Γ,
1080 2333 1152 2393 A,
1192 2323 1283 2378 καὶ
1317 2320 1390 2394 μὴ
1423 2326 1682 2394 μετρείτω
1717 2320 1745 2377 6
1781 2330 1833 2376 A
1863 2323 1962 2378 τὸν

273 2420 341 2469 Β·
381 2415 551 2485 λέγω,
593 2411 678 2468 ὅτι
719 2410 852 2469 οὐδὲ
892 2410 921 2468 6
963 2417 1016 2468 Γ
1046 2411 1149 2468 τὸν
1188 2418 1243 2467 A
1281 2423 1478 2484 μετρεῖ.

182 2522 241 2562 ‘25
386 2506 460 2557 Εἰ
498 2500 604 2573 γὰρ
645 2511 834 2574 μετρεῖ
869 2500 899 2558 ὁ
942 2506 996 2556 Γ
1025 2498 1126 2557 τὸν
1167 2507 1239 2570 A,
1280 2499 1535 2571 μετρήσει
1574 2499 1666 2554 καὶ
1707 2496 1736 2554 6
1779 2506 1832 2554 A
1860 2520 1961 2554 τον

274 2597 336 2647 Β.
414 2587 483 2646 οὐ
530 2602 718 2662 μετρεῖ
753 2589 815 2646 δὲ
864 2588 893 2645 6
936 2597 988 2646 A
1031 2588 1130 2645 τὸν
1169 2594 1237 2644 Β·
1286 2586 1420 2645 οὐδὲ
1459 2587 1569 2660 ἄρα
1609 2587 1638 2644 6
1679 2592 1732 2644 Γ
1769 2586 1868 2644 τὸν
1909 2591 1963 2642 Δ

274 2679 544 2752 μετρήσει.

395 2847 434 2887 3.
471 2839 542 2916 οἴ]
578 2855 667 2886 om.
700 2841 804 2912 ch
957 2844 998 2884 5.
1032 2839 1120 2884 εἰσι
1152 2839 1257 2896 ch.
1411 2843 1450 2883 6.
1485 2839 1553 2897 Θ]
1596 2852 1686 2883 om.
1720 2855 1769 2895 φ.
1923 2841 1962 2882 7.

276 2907 443 2973 μετρεῖ
474 2917 568 2974 αρα
608 2898 690 2944 καὶ
730 2896 754 2944 ὁ
800 2902 842 2943 Γ
875 2896 960 2943 τὸν
992 2899 1061 2957 A]
1095 2914 1188 2956 mg,
1220 2914 1283 2943 m.
1316 2903 1339 2943 1
1374 2898 1423 2942 Ρ.
1576 2903 1617 2941 9.
1650 2913 1760 2956 μετρ
1736 2897 1879 2954 ρείσει
1911 2912 1961 2951 φ.

277 2966 347 3008 10.
382 2956 531 3006 αυτόν
563 2976 613 3017 φ.
758 2958 845 3017 δή]
880 2972 970 3003 om.
1002 2958 1055 3005 B.
1203 2962 1272 3003 12.
1303 2953 1407 3015 τόν]
1441 2971 1530 3003 om.
1563 2955 1614 3001 P.
1759 2955 1947 3014 καί]ω
