<?xml version="1.0" encoding="UTF-8"?>
<!DOCTYPE html PUBLIC "-//W3C//DTD XHTML 1.0 Transitional//EN"
    "http://www.w3.org/TR/xhtml1/DTD/xhtml1-transitional.dtd">
<html xmlns="http://www.w3.org/1999/xhtml" xml:lang="en" lang="en">
 <head>
  <title>
</title>
<meta http-equiv="Content-Type" content="text/html;charset=utf-8" />
  <meta name='ocr-system' content='tesseract 3.04.00' />
  <meta name='ocr-capabilities' content='ocr_page ocr_carea ocr_par ocr_line ocrx_word'/>
</head>
<body>
  <div class='ocr_page' id='page_1' title='image "./euclidisoperaomn02eucluoft_0430.png"; bbox 0 0 1988 3152; ppageno 0'>
   <div class='ocr_carea' id='block_1_1' title="bbox 145 1485 199 1525">
    <p class='ocr_par' dir='ltr' id='par_1_1' title="bbox 145 1485 199 1525">
     <span class='ocr_line' id='line_1_1' title="bbox 145 1485 199 1525; baseline 0 0"><span class='ocrx_word' id='word_1_1' title='bbox 145 1485 199 1525; x_wconf 87' lang='lat'><em>15</em></span> 
     </span>
    </p>
   </div>
   <div class='ocr_carea' id='block_1_2' title="bbox 141 2022 199 2063">
    <p class='ocr_par' dir='ltr' id='par_1_2' title="bbox 141 2022 199 2063">
     <span class='ocr_line' id='line_1_2' title="bbox 141 2022 199 2063; baseline -0.017 0"><span class='ocrx_word' id='word_1_2' title='bbox 141 2022 199 2063; x_wconf 84' lang='lat'><em>20</em></span> 
     </span>
    </p>
   </div>
   <div class='ocr_carea' id='block_1_3' title="bbox 222 59 1298 114">
    <p class='ocr_par' dir='ltr' id='par_1_3' title="bbox 222 59 1298 114">
     <span class='ocr_line' id='line_1_3' title="bbox 222 59 1298 114; baseline -0.006 -2"><span class='ocrx_word' id='word_1_3' title='bbox 222 60 335 114; x_wconf 82' lang='lat'><em>404</em></span> <span class='ocrx_word' id='word_1_4' title='bbox 856 63 1194 106; x_wconf 71' lang='grc' dir='ltr'>ΣΤοΙΧΕΙῼΝ</span> <span class='ocrx_word' id='word_1_5' title='bbox 1222 59 1298 106; x_wconf 71' lang='grc' dir='ltr'><em>θ’.</em></span> 
     </span>
    </p>
   </div>
   <div class='ocr_carea' id='block_1_4' title="bbox 222 209 1988 1892">
    <p class='ocr_par' dir='ltr' id='par_1_4' title="bbox 1024 209 1134 266">
     <span class='ocr_line' id='line_1_4' title="bbox 1024 209 1134 266; baseline 0.018 -2"><span class='ocrx_word' id='word_1_6' title='bbox 1024 209 1134 266; x_wconf 85' lang='grc' dir='ltr'><em>λδ’.</em></span> 
     </span>
    </p>

    <p class='ocr_par' dir='ltr' id='par_1_5' title="bbox 222 310 1988 562">
     <span class='ocr_line' id='line_1_5' title="bbox 329 310 1988 419; baseline 0.002 -50.013"><span class='ocrx_word' id='word_1_7' title='bbox 329 310 474 369; x_wconf 84' lang='grc' dir='ltr'><em>Ἐὰν</em></span> <span class='ocrx_word' id='word_1_8' title='bbox 523 311 814 419; x_wconf 82' lang='grc' dir='ltr'><em>ἀριθμὸς</em></span> <span class='ocrx_word' id='word_1_9' title='bbox 853 313 1009 384; x_wconf 88' lang='grc' dir='ltr'><em>μήτε</em></span> <span class='ocrx_word' id='word_1_10' title='bbox 1054 316 1181 368; x_wconf 76' lang='grc' dir='ltr'><em>τῶν</em></span> <span class='ocrx_word' id='word_1_11' title='bbox 1221 311 1344 369; x_wconf 87' lang='grc' dir='ltr'><em>ἀπὸ</em></span> <span class='ocrx_word' id='word_1_12' title='bbox 1395 315 1643 379; x_wconf 90' lang='grc' dir='ltr'><em>δυάδος</em></span> <span class='ocrx_word' id='word_1_13' title='bbox 1690 319 1923 372; x_wconf 83' lang='grc' dir='ltr'><em>διπλα-</em></span> <span class='ocrx_word' id='word_1_14' title='bbox 1982 323 1988 343; x_wconf 82' lang='lat'>²</span> 
     </span>
     <span class='ocr_line' id='line_1_6' title="bbox 222 400 1921 476; baseline 0.002 -19"><span class='ocrx_word' id='word_1_15' title='bbox 222 403 633 473; x_wconf 82' lang='grc' dir='ltr'><em>σιαζομένων</em></span> <span class='ocrx_word' id='word_1_16' title='bbox 679 424 714 474; x_wconf 79' lang='grc' dir='ltr'><strong><em>η</em></strong></span> <span class='ocrx_word' id='word_1_17' title='bbox 764 402 921 473; x_wconf 88' lang='grc' dir='ltr'><em>μήτε</em></span> <span class='ocrx_word' id='word_1_18' title='bbox 967 400 1083 457; x_wconf 83' lang='grc' dir='ltr'><em>τὸν</em></span> <span class='ocrx_word' id='word_1_19' title='bbox 1130 402 1376 473; x_wconf 78' lang='grc' dir='ltr'><em>ἥμισυν</em></span> <span class='ocrx_word' id='word_1_20' title='bbox 1425 407 1533 476; x_wconf 80' lang='grc' dir='ltr'><em>ἔχῃ</em></span> <span class='ocrx_word' id='word_1_21' title='bbox 1574 406 1921 476; x_wconf 86' lang='grc' dir='ltr'><em>περισσόν,</em></span> 
     </span>
     <span class='ocr_line' id='line_1_7' title="bbox 222 488 1923 562; baseline 0.002 -17"><span class='ocrx_word' id='word_1_22' title='bbox 222 488 524 562; x_wconf 76' lang='grc' dir='ltr'><em>ἀρτιάκις</em></span> <span class='ocrx_word' id='word_1_23' title='bbox 561 511 627 545; x_wconf 92' lang='grc' dir='ltr'><em>τε</em></span> <span class='ocrx_word' id='word_1_24' title='bbox 667 490 895 561; x_wconf 79' lang='grc' dir='ltr'><em>ἄρτιός</em></span> <span class='ocrx_word' id='word_1_25' title='bbox 936 491 1072 546; x_wconf 84' lang='grc' dir='ltr'><em>ἐστι</em></span> <span class='ocrx_word' id='word_1_26' title='bbox 1111 491 1218 545; x_wconf 84' lang='grc' dir='ltr'><em>καὶ</em></span> <span class='ocrx_word' id='word_1_27' title='bbox 1260 489 1563 562; x_wconf 83' lang='grc' dir='ltr'><em>ἀρτιάκις</em></span> <span class='ocrx_word' id='word_1_28' title='bbox 1593 494 1923 559; x_wconf 88' lang='grc' dir='ltr'><em>περισσός.</em></span> 
     </span>
    </p>

    <p class='ocr_par' dir='ltr' id='par_1_6' title="bbox 222 576 1925 917">
     <span class='ocr_line' id='line_1_8' title="bbox 333 576 1923 651; baseline 0.002 -18"><span class='ocrx_word' id='word_1_29' title='bbox 333 576 598 650; x_wconf 73' lang='grc' dir='ltr'><em>’Ἀριθμὸς</em></span> <span class='ocrx_word' id='word_1_30' title='bbox 643 577 752 651; x_wconf 79' lang='grc' dir='ltr'><em>γὰρ</em></span> <span class='ocrx_word' id='word_1_31' title='bbox 801 576 830 634; x_wconf 85' lang='grc' dir='ltr'><em>ὃ</em></span> <span class='ocrx_word' id='word_1_32' title='bbox 879 586 934 634; x_wconf 91' lang='lat' dir='ltr'><em>A</em></span> <span class='ocrx_word' id='word_1_33' title='bbox 980 579 1115 651; x_wconf 90' lang='grc' dir='ltr'><em>μήτε</em></span> <span class='ocrx_word' id='word_1_34' title='bbox 1160 583 1273 635; x_wconf 78' lang='grc' dir='ltr'><em>τῶν</em></span> <span class='ocrx_word' id='word_1_35' title='bbox 1314 578 1422 635; x_wconf 87' lang='grc' dir='ltr'><em>ἀπὸ</em></span> <span class='ocrx_word' id='word_1_36' title='bbox 1475 581 1685 646; x_wconf 90' lang='grc' dir='ltr'><em>δυάδος</em></span> <span class='ocrx_word' id='word_1_37' title='bbox 1731 585 1923 637; x_wconf 84' lang='grc' dir='ltr'><em>διπλα-</em></span> 
     </span>
     <span class='ocr_line' id='line_1_9' title="bbox 226 666 1921 741; baseline 0.002 -19"><span class='ocrx_word' id='word_1_38' title='bbox 226 668 570 738; x_wconf 80' lang='grc' dir='ltr'><em>σιαζομένων</em></span> <span class='ocrx_word' id='word_1_39' title='bbox 618 671 756 722; x_wconf 82' lang='grc' dir='ltr'><em>ἔστω</em></span> <span class='ocrx_word' id='word_1_40' title='bbox 808 666 944 738; x_wconf 90' lang='grc' dir='ltr'><em>μήτε</em></span> <span class='ocrx_word' id='word_1_41' title='bbox 994 666 1095 723; x_wconf 88' lang='grc' dir='ltr'><em>τὸν</em></span> <span class='ocrx_word' id='word_1_42' title='bbox 1150 666 1357 739; x_wconf 78' lang='grc' dir='ltr'><em>ἥμισυν</em></span> <span class='ocrx_word' id='word_1_43' title='bbox 1414 669 1577 740; x_wconf 82' lang='grc' dir='ltr'><em>ἐχέτω</em></span> <span class='ocrx_word' id='word_1_44' title='bbox 1630 671 1921 741; x_wconf 84' lang='grc' dir='ltr'><em>περισσόν·</em></span> 
     </span>
     <span class='ocr_line' id='line_1_10' title="bbox 222 753 1925 829; baseline 0.002 -18"><span class='ocrx_word' id='word_1_45' title='bbox 222 757 392 826; x_wconf 79' lang='grc' dir='ltr'><em>λέγω,</em></span> <span class='ocrx_word' id='word_1_46' title='bbox 434 753 520 810; x_wconf 78' lang='grc' dir='ltr'><em>ὅτι</em></span> <span class='ocrx_word' id='word_1_47' title='bbox 562 753 590 810; x_wconf 86' lang='grc' dir='ltr'>ὁ</span> <span class='ocrx_word' id='word_1_48' title='bbox 632 762 686 810; x_wconf 90' lang='lat' dir='ltr'><em>A</em></span> <span class='ocrx_word' id='word_1_49' title='bbox 726 753 978 827; x_wconf 79' lang='grc' dir='ltr'><em>ἀρτιάκις</em></span> <span class='ocrx_word' id='word_1_50' title='bbox 1015 757 1078 811; x_wconf 82' lang='grc' dir='ltr'><em>τέ</em></span> <span class='ocrx_word' id='word_1_51' title='bbox 1114 758 1264 811; x_wconf 83' lang='grc' dir='ltr'><em>ἐστιν</em></span> <span class='ocrx_word' id='word_1_52' title='bbox 1305 754 1494 829; x_wconf 76' lang='grc' dir='ltr'><em>ἄρτιος</em></span> <span class='ocrx_word' id='word_1_53' title='bbox 1531 757 1624 812; x_wconf 86' lang='grc' dir='ltr'><em>καὶ</em></span> <span class='ocrx_word' id='word_1_54' title='bbox 1676 756 1925 829; x_wconf 76' lang='grc' dir='ltr'><em>ἀρτιάκις</em></span> 
     </span>
     <span class='ocr_line' id='line_1_11' title="bbox 223 845 503 917; baseline 0 -18"><span class='ocrx_word' id='word_1_55' title='bbox 223 845 503 917; x_wconf 85' lang='grc' dir='ltr'><em>περισσός.</em></span> 
     </span>
    </p>

    <p class='ocr_par' dir='ltr' id='par_1_7' title="bbox 223 926 1928 1892">
     <span class='ocr_line' id='line_1_12' title="bbox 322 926 1924 1009; baseline 0.003 -22"><span class='ocrx_word' id='word_1_56' title='bbox 322 931 439 988; x_wconf 82' lang='grc' dir='ltr'><em>Ὅτι</em></span> <span class='ocrx_word' id='word_1_57' title='bbox 478 932 581 1005; x_wconf 75' lang='grc' dir='ltr'><em>μὲν</em></span> <span class='ocrx_word' id='word_1_58' title='bbox 621 926 727 988; x_wconf 79' lang='grc' dir='ltr'><em>οὖν</em></span> <span class='ocrx_word' id='word_1_59' title='bbox 768 930 797 989; x_wconf 88' lang='grc' dir='ltr'>ὁ</span> <span class='ocrx_word' id='word_1_60' title='bbox 841 941 894 988; x_wconf 93' lang='grc' dir='ltr'><em>Α</em></span> <span class='ocrx_word' id='word_1_61' title='bbox 933 933 1184 1006; x_wconf 82' lang='grc' dir='ltr'><em>ἀρτιάκις</em></span> <span class='ocrx_word' id='word_1_62' title='bbox 1217 933 1367 988; x_wconf 85' lang='grc' dir='ltr'><em>ἐστὶν</em></span> <span class='ocrx_word' id='word_1_63' title='bbox 1398 931 1607 1006; x_wconf 76' lang='grc' dir='ltr'><em>ἄρτιος,</em></span> <span class='ocrx_word' id='word_1_64' title='bbox 1649 936 1924 1009; x_wconf 86' lang='grc' dir='ltr'><em>φανερόν·</em></span> 
     </span>
     <span class='ocr_line' id='line_1_13' title="bbox 229 1020 1926 1096; baseline 0.002 -19"><span class='ocrx_word' id='word_1_65' title='bbox 229 1020 330 1078; x_wconf 87' lang='grc' dir='ltr'><em>τὸν</em></span> <span class='ocrx_word' id='word_1_66' title='bbox 382 1020 490 1095; x_wconf 73' lang='grc' dir='ltr'><em>γὰρ</em></span> <span class='ocrx_word' id='word_1_67' title='bbox 545 1020 755 1094; x_wconf 79' lang='grc' dir='ltr'><em>ἥμισυν</em></span> <span class='ocrx_word' id='word_1_68' title='bbox 802 1020 906 1078; x_wconf 81' lang='grc' dir='ltr'><em>οὐκ</em></span> <span class='ocrx_word' id='word_1_69' title='bbox 961 1027 1071 1094; x_wconf 81' lang='grc' dir='ltr'><em>ἔχει</em></span> <span class='ocrx_word' id='word_1_70' title='bbox 1124 1023 1408 1094; x_wconf 89' lang='grc' dir='ltr'><em>περισσόν.</em></span> <span class='ocrx_word' id='word_1_71' title='bbox 1484 1026 1626 1095; x_wconf 83' lang='grc' dir='ltr'><em>λέγω</em></span> <span class='ocrx_word' id='word_1_72' title='bbox 1683 1024 1781 1096; x_wconf 84' lang='grc' dir='ltr'><em>δή,</em></span> <span class='ocrx_word' id='word_1_73' title='bbox 1838 1023 1926 1080; x_wconf 81' lang='grc' dir='ltr'><em>ὅτι</em></span> 
     </span>
     <span class='ocr_line' id='line_1_14' title="bbox 223 1107 1927 1185; baseline 0.002 -19"><span class='ocrx_word' id='word_1_74' title='bbox 223 1110 317 1166; x_wconf 87' lang='grc' dir='ltr'><em>καὶ</em></span> <span class='ocrx_word' id='word_1_75' title='bbox 356 1107 607 1182; x_wconf 87' lang='grc' dir='ltr'><em>ἀρτιάκις</em></span> <span class='ocrx_word' id='word_1_76' title='bbox 646 1111 909 1182; x_wconf 88' lang='grc' dir='ltr'><em>περισσός</em></span> <span class='ocrx_word' id='word_1_77' title='bbox 949 1110 1114 1167; x_wconf 85' lang='grc' dir='ltr'><em>ἐστιν.</em></span> <span class='ocrx_word' id='word_1_78' title='bbox 1194 1110 1292 1167; x_wconf 79' lang='grc' dir='ltr'><em>ἐὰν</em></span> <span class='ocrx_word' id='word_1_79' title='bbox 1331 1111 1438 1184; x_wconf 80' lang='grc' dir='ltr'><em>γὰρ</em></span> <span class='ocrx_word' id='word_1_80' title='bbox 1479 1111 1579 1168; x_wconf 86' lang='grc' dir='ltr'><em>τὸν</em></span> <span class='ocrx_word' id='word_1_81' title='bbox 1620 1122 1673 1169; x_wconf 93' lang='grc' dir='ltr'><em>Α</em></span> <span class='ocrx_word' id='word_1_82' title='bbox 1719 1114 1927 1185; x_wconf 84' lang='grc' dir='ltr'><em>τέμνω-</em></span> 
     </span>
     <span class='ocr_line' id='line_1_15' title="bbox 226 1197 1927 1272; baseline 0.001 -17"><span class='ocrx_word' id='word_1_83' title='bbox 226 1221 328 1271; x_wconf 87' lang='grc' dir='ltr'><em>μεν</em></span> <span class='ocrx_word' id='word_1_84' title='bbox 384 1202 512 1271; x_wconf 88' lang='grc' dir='ltr'><em>δίχα</em></span> <span class='ocrx_word' id='word_1_85' title='bbox 556 1200 649 1254; x_wconf 87' lang='grc' dir='ltr'><em>καὶ</em></span> <span class='ocrx_word' id='word_1_86' title='bbox 695 1197 796 1254; x_wconf 85' lang='grc' dir='ltr'><em>τὸν</em></span> <span class='ocrx_word' id='word_1_87' title='bbox 843 1197 1052 1270; x_wconf 82' lang='grc' dir='ltr'><em>ἥμισυν</em></span> <span class='ocrx_word' id='word_1_88' title='bbox 1092 1201 1268 1255; x_wconf 84' lang='grc' dir='ltr'><em>αὐτοῦ</em></span> <span class='ocrx_word' id='word_1_89' title='bbox 1316 1203 1444 1272; x_wconf 86' lang='grc' dir='ltr'><em>δίχα</em></span> <span class='ocrx_word' id='word_1_90' title='bbox 1482 1202 1574 1256; x_wconf 88' lang='grc' dir='ltr'><em>καὶ</em></span> <span class='ocrx_word' id='word_1_91' title='bbox 1627 1205 1792 1258; x_wconf 84' lang='grc' dir='ltr'><em>τοῦτο</em></span> <span class='ocrx_word' id='word_1_92' title='bbox 1840 1199 1927 1258; x_wconf 84' lang='grc' dir='ltr'><em>ἀεὶ</em></span> 
     </span>
     <span class='ocr_line' id='line_1_16' title="bbox 225 1287 1926 1361; baseline 0.002 -18"><span class='ocrx_word' id='word_1_93' title='bbox 225 1291 498 1359; x_wconf 77' lang='grc' dir='ltr'><em>ποιῶμεν,</em></span> <span class='ocrx_word' id='word_1_94' title='bbox 554 1288 973 1359; x_wconf 83' lang='grc' dir='ltr'><em>καταντήσομεν</em></span> <span class='ocrx_word' id='word_1_95' title='bbox 1021 1295 1099 1354; x_wconf 78' lang='grc' dir='ltr'><em>εἴς</em></span> <span class='ocrx_word' id='word_1_96' title='bbox 1152 1311 1276 1344; x_wconf 92' lang='grc' dir='ltr'><em>τινα</em></span> <span class='ocrx_word' id='word_1_97' title='bbox 1332 1287 1584 1361; x_wconf 82' lang='grc' dir='ltr'><em>ἀριθμὸν</em></span> <span class='ocrx_word' id='word_1_98' title='bbox 1638 1291 1926 1361; x_wconf 88' lang='grc' dir='ltr'><em>περισσόν,</em></span> 
     </span>
     <span class='ocr_line' id='line_1_17' title="bbox 228 1373 1925 1452; baseline 0.001 -19"><span class='ocrx_word' id='word_1_99' title='bbox 228 1373 290 1443; x_wconf 77' lang='grc' dir='ltr'><em>ὃς</em></span> <span class='ocrx_word' id='word_1_100' title='bbox 328 1378 586 1449; x_wconf 84' lang='grc' dir='ltr'><em>μετρήσει</em></span> <span class='ocrx_word' id='word_1_101' title='bbox 624 1375 726 1432; x_wconf 91' lang='grc' dir='ltr'><em>τὸν</em></span> <span class='ocrx_word' id='word_1_102' title='bbox 766 1384 819 1431; x_wconf 94' lang='grc' dir='ltr'><em>Α</em></span> <span class='ocrx_word' id='word_1_103' title='bbox 857 1374 994 1431; x_wconf 81' lang='grc' dir='ltr'><em>κατὰ</em></span> <span class='ocrx_word' id='word_1_104' title='bbox 1028 1375 1222 1450; x_wconf 76' lang='grc' dir='ltr'><em>ἄρτιον</em></span> <span class='ocrx_word' id='word_1_105' title='bbox 1256 1374 1521 1449; x_wconf 82' lang='grc' dir='ltr'><em>ἀριθμόν.</em></span> <span class='ocrx_word' id='word_1_106' title='bbox 1600 1382 1651 1434; x_wconf 84' lang='grc' dir='ltr'><em>εἰ</em></span> <span class='ocrx_word' id='word_1_107' title='bbox 1687 1378 1794 1452; x_wconf 75' lang='grc' dir='ltr'><em>γὰρ</em></span> <span class='ocrx_word' id='word_1_108' title='bbox 1836 1378 1925 1451; x_wconf 77' lang='grc' dir='ltr'><em>οὔ,</em></span> 
     </span>
     <span class='ocr_line' id='line_1_18' title="bbox 231 1464 1926 1538; baseline 0.002 -18"><span class='ocrx_word' id='word_1_109' title='bbox 231 1467 650 1538; x_wconf 85' lang='grc' dir='ltr'><em>καταντήσομεν</em></span> <span class='ocrx_word' id='word_1_110' title='bbox 705 1469 782 1531; x_wconf 87' lang='grc' dir='ltr'><em>εἰς</em></span> <span class='ocrx_word' id='word_1_111' title='bbox 838 1464 1045 1535; x_wconf 88' lang='grc' dir='ltr'><em>δυάδα,</em></span> <span class='ocrx_word' id='word_1_112' title='bbox 1106 1466 1199 1520; x_wconf 88' lang='grc' dir='ltr'><em>καὶ</em></span> <span class='ocrx_word' id='word_1_113' title='bbox 1255 1471 1407 1521; x_wconf 83' lang='grc' dir='ltr'><em>ἔσται</em></span> <span class='ocrx_word' id='word_1_114' title='bbox 1463 1464 1492 1522; x_wconf 85' lang='grc' dir='ltr'>ὁ</span> <span class='ocrx_word' id='word_1_115' title='bbox 1548 1475 1602 1522; x_wconf 93' lang='grc' dir='ltr'><em>Α</em></span> <span class='ocrx_word' id='word_1_116' title='bbox 1654 1472 1766 1524; x_wconf 77' lang='grc' dir='ltr'><em>τῶν</em></span> <span class='ocrx_word' id='word_1_117' title='bbox 1818 1466 1926 1524; x_wconf 88' lang='grc' dir='ltr'><em>ἀπὸ</em></span> 
     </span>
     <span class='ocr_line' id='line_1_19' title="bbox 232 1552 1928 1626; baseline 0.002 -17"><span class='ocrx_word' id='word_1_118' title='bbox 232 1554 442 1619; x_wconf 84' lang='grc' dir='ltr'><em>δυάδος</em></span> <span class='ocrx_word' id='word_1_119' title='bbox 489 1555 1025 1625; x_wconf 82' lang='grc' dir='ltr'><em>διπλασιαζομένων·</em></span> <span class='ocrx_word' id='word_1_120' title='bbox 1078 1552 1213 1626; x_wconf 82' lang='grc' dir='ltr'><em>ὅπερ</em></span> <span class='ocrx_word' id='word_1_121' title='bbox 1269 1553 1373 1626; x_wconf 84' lang='grc' dir='ltr'><em>οὐχ</em></span> <span class='ocrx_word' id='word_1_122' title='bbox 1411 1552 1710 1612; x_wconf 82' lang='grc' dir='ltr'><em>ὑπόκειται.</em></span> <span class='ocrx_word' id='word_1_123' title='bbox 1789 1555 1928 1612; x_wconf 76' lang='grc' dir='ltr'><em>ὥστε</em></span> 
     </span>
     <span class='ocr_line' id='line_1_20' title="bbox 232 1640 1928 1715; baseline 0.001 -17"><span class='ocrx_word' id='word_1_124' title='bbox 232 1640 262 1698; x_wconf 87' lang='grc' dir='ltr'>ὁ</span> <span class='ocrx_word' id='word_1_125' title='bbox 318 1650 372 1699; x_wconf 88' lang='grc' dir='ltr'><em>Α</em></span> <span class='ocrx_word' id='word_1_126' title='bbox 427 1641 680 1715; x_wconf 85' lang='grc' dir='ltr'><em>ἀρτιάκις</em></span> <span class='ocrx_word' id='word_1_127' title='bbox 733 1643 995 1714; x_wconf 87' lang='grc' dir='ltr'><em>περισσός</em></span> <span class='ocrx_word' id='word_1_128' title='bbox 1050 1645 1215 1699; x_wconf 82' lang='grc' dir='ltr'><em>ἐστιν.</em></span> <span class='ocrx_word' id='word_1_129' title='bbox 1301 1645 1527 1715; x_wconf 81' lang='grc' dir='ltr'><em>ἐδείχθη</em></span> <span class='ocrx_word' id='word_1_130' title='bbox 1584 1643 1646 1700; x_wconf 77' lang='grc' dir='ltr'><em>δὲ</em></span> <span class='ocrx_word' id='word_1_131' title='bbox 1696 1645 1788 1699; x_wconf 86' lang='grc' dir='ltr'><em>καὶ</em></span> <span class='ocrx_word' id='word_1_132' title='bbox 1836 1642 1928 1715; x_wconf 85' lang='grc' dir='ltr'><em>ἀρ·</em></span> 
     </span>
     <span class='ocr_line' id='line_1_21' title="bbox 230 1729 1928 1805; baseline 0.001 -19"><span class='ocrx_word' id='word_1_133' title='bbox 230 1731 407 1796; x_wconf 86' lang='grc' dir='ltr'><em>τιάκις</em></span> <span class='ocrx_word' id='word_1_134' title='bbox 454 1730 656 1803; x_wconf 77' lang='grc' dir='ltr'><em>ἄρτιος.</em></span> <span class='ocrx_word' id='word_1_135' title='bbox 726 1729 757 1787; x_wconf 84' lang='grc' dir='ltr'>ὁ</span> <span class='ocrx_word' id='word_1_136' title='bbox 803 1739 857 1787; x_wconf 95' lang='lat' dir='ltr'><em>A</em></span> <span class='ocrx_word' id='word_1_137' title='bbox 896 1730 1002 1804; x_wconf 73' lang='grc' dir='ltr'><em>ἄρα</em></span> <span class='ocrx_word' id='word_1_138' title='bbox 1043 1730 1290 1805; x_wconf 88' lang='grc' dir='ltr'><em>ἀρτιάκις</em></span> <span class='ocrx_word' id='word_1_139' title='bbox 1334 1754 1392 1788; x_wconf 84' lang='grc' dir='ltr'><em>τε</em></span> <span class='ocrx_word' id='word_1_140' title='bbox 1440 1731 1629 1805; x_wconf 77' lang='grc' dir='ltr'><em>ἄρτιός</em></span> <span class='ocrx_word' id='word_1_141' title='bbox 1676 1734 1789 1788; x_wconf 83' lang='grc' dir='ltr'><em>ἐστι</em></span> <span class='ocrx_word' id='word_1_142' title='bbox 1836 1732 1928 1787; x_wconf 89' lang='grc' dir='ltr'><em>καὶ</em></span> 
     </span>
     <span class='ocr_line' id='line_1_22' title="bbox 233 1818 1369 1892; baseline 0.002 -17"><span class='ocrx_word' id='word_1_143' title='bbox 233 1818 485 1890; x_wconf 83' lang='grc' dir='ltr'><em>ἀρτιάκις</em></span> <span class='ocrx_word' id='word_1_144' title='bbox 523 1821 807 1892; x_wconf 89' lang='grc' dir='ltr'><em>περισσός·</em></span> <span class='ocrx_word' id='word_1_145' title='bbox 850 1819 985 1892; x_wconf 83' lang='grc' dir='ltr'><em>ὅπερ</em></span> <span class='ocrx_word' id='word_1_146' title='bbox 1027 1825 1140 1876; x_wconf 82' lang='grc' dir='ltr'><em>ἔδει</em></span> <span class='ocrx_word' id='word_1_147' title='bbox 1181 1823 1369 1888; x_wconf 81' lang='grc' dir='ltr'><em>δεῖξαι.</em></span> 
     </span>
    </p>
   </div>
   <div class='ocr_carea' id='block_1_5' title="bbox 231 2000 1930 2264">
    <p class='ocr_par' dir='ltr' id='par_1_8' title="bbox 231 2000 1930 2264">
     <span class='ocr_line' id='line_1_23' title="bbox 1028 2000 1128 2054; baseline 0 -1"><span class='ocrx_word' id='word_1_148' title='bbox 1028 2000 1128 2054; x_wconf 85' lang='grc' dir='ltr'><em>λε’.</em></span> 
     </span>
     <span class='ocr_line' id='line_1_24' title="bbox 337 2095 1929 2175; baseline 0.001 -18"><span class='ocrx_word' id='word_1_149' title='bbox 337 2098 486 2158; x_wconf 80' lang='grc' dir='ltr'><em>Ἐὰν</em></span> <span class='ocrx_word' id='word_1_150' title='bbox 526 2095 688 2158; x_wconf 77' lang='grc' dir='ltr'><em>ὦσιν</em></span> <span class='ocrx_word' id='word_1_151' title='bbox 730 2102 1226 2173; x_wconf 85' lang='grc' dir='ltr'><em>ὁσοιδηποτοῦν</em></span> <span class='ocrx_word' id='word_1_152' title='bbox 1266 2100 1546 2175; x_wconf 85' lang='grc' dir='ltr'><em>ἀριθμοὶ</em></span> <span class='ocrx_word' id='word_1_153' title='bbox 1587 2103 1730 2174; x_wconf 80' lang='grc' dir='ltr'><em>ἑξῆς</em></span> <span class='ocrx_word' id='word_1_154' title='bbox 1777 2100 1929 2158; x_wconf 86' lang='grc' dir='ltr'><em>ἀνά-</em></span> 
     </span>
     <span class='ocr_line' id='line_1_25' title="bbox 231 2188 1930 2264; baseline 0 -17"><span class='ocrx_word' id='word_1_155' title='bbox 231 2197 458 2261; x_wconf 78' lang='grc' dir='ltr'><em>λογον,</em></span> <span class='ocrx_word' id='word_1_156' title='bbox 522 2188 946 2264; x_wconf 81' lang='grc' dir='ltr'><em>ἀφαιρεθῶσι</em></span> <span class='ocrx_word' id='word_1_157' title='bbox 1004 2191 1072 2246; x_wconf 75' lang='grc' dir='ltr'><em>δὲ</em></span> <span class='ocrx_word' id='word_1_158' title='bbox 1127 2189 1251 2247; x_wconf 86' lang='grc' dir='ltr'><em>ἀπό</em></span> <span class='ocrx_word' id='word_1_159' title='bbox 1307 2213 1372 2247; x_wconf 90' lang='grc' dir='ltr'><em>τε</em></span> <span class='ocrx_word' id='word_1_160' title='bbox 1433 2195 1550 2247; x_wconf 86' lang='grc' dir='ltr'><em>τοῦ</em></span> <span class='ocrx_word' id='word_1_161' title='bbox 1613 2193 1930 2262; x_wconf 80' lang='grc' dir='ltr'><em>δευτέρου</em></span> 
     </span>
    </p>
   </div>
   <div class='ocr_carea' id='block_1_6' title="bbox 234 2313 591 2320">
    <p class='ocr_par' dir='ltr' id='par_1_9' title="bbox 234 2313 591 2320">
     <span class='ocr_line' id='line_1_26' title="bbox 234 2313 591 2320; baseline 0 832"><span class='ocrx_word' id='word_1_162' title='bbox 234 2313 591 2320; x_wconf 95' lang='lat' dir='ltr'><em> </em></span> 
     </span>
    </p>
   </div>
   <div class='ocr_carea' id='block_1_7' title="bbox 232 2363 1932 2902">
    <p class='ocr_par' dir='ltr' id='par_1_10' title="bbox 232 2363 1932 2902">
     <span class='ocr_line' id='line_1_27' title="bbox 350 2363 1929 2439; baseline 0.002 -28"><span class='ocrx_word' id='word_1_163' title='bbox 350 2373 393 2412; x_wconf 88' lang='grc'><em>2.</em></span> <span class='ocrx_word' id='word_1_164' title='bbox 421 2363 590 2439; x_wconf 83' lang='grc' dir='ltr'><em>ἐάν]”</em></span> <span class='ocrx_word' id='word_1_165' title='bbox 559 2384 620 2411; x_wconf 84' lang='grc' dir='ltr'><em>αν</em></span> <span class='ocrx_word' id='word_1_166' title='bbox 646 2381 690 2424; x_wconf 87' lang='lat' dir='ltr'><em>q.</em></span> <span class='ocrx_word' id='word_1_167' title='bbox 746 2367 926 2412; x_wconf 82' lang='lat' dir='ltr'>Deinde</span> <span class='ocrx_word' id='word_1_168' title='bbox 951 2368 1058 2412; x_wconf 80' lang='lat' dir='ltr'><strong>add.</strong></span> <span class='ocrx_word' id='word_1_169' title='bbox 1083 2364 1244 2439; x_wconf 79' lang='grc' dir='ltr'><em>ἄρτιος</em></span> <span class='ocrx_word' id='word_1_170' title='bbox 1268 2368 1305 2411; x_wconf 94' lang='grc' dir='ltr'><strong>Β</strong></span> <span class='ocrx_word' id='word_1_171' title='bbox 1329 2383 1390 2413; x_wconf 91' lang='lat' dir='ltr'><em>m.</em></span> <span class='ocrx_word' id='word_1_172' title='bbox 1416 2381 1524 2425; x_wconf 61' lang='lat' dir='ltr'><em>rec„</em></span> <span class='ocrx_word' id='word_1_173' title='bbox 1549 2368 1628 2412; x_wconf 93' lang='lat' dir='ltr'><strong>V</strong></span> <span class='ocrx_word' id='word_1_174' title='bbox 1613 2383 1664 2412; x_wconf 87' lang='lat' dir='ltr'><strong>m</strong></span> <span class='ocrx_word' id='word_1_175' title='bbox 1686 2382 1774 2413; x_wconf 79' lang='lat' dir='ltr'><strong>ras.</strong></span> <span class='ocrx_word' id='word_1_176' title='bbox 1799 2383 1861 2412; x_wconf 92' lang='lat' dir='ltr'><em>m.</em></span> <span class='ocrx_word' id='word_1_177' title='bbox 1887 2374 1929 2414; x_wconf 92' lang='grc'><em>2.</em></span> 
     </span>
     <span class='ocr_line' id='line_1_28' title="bbox 233 2424 1931 2498; baseline 0.001 -27"><span class='ocrx_word' id='word_1_178' title='bbox 233 2424 659 2498; x_wconf 82' lang='grc' dir='ltr'><em>διπλασιαζόμενον</em></span> <span class='ocrx_word' id='word_1_179' title='bbox 697 2428 749 2472; x_wconf 91' lang='grc' dir='ltr'><em>Ρ.</em></span> <span class='ocrx_word' id='word_1_180' title='bbox 903 2432 943 2472; x_wconf 91' lang='grc'><strong>3</strong></span> <span class='ocrx_word' id='word_1_181' title='bbox 976 2425 1091 2486; x_wconf 86' lang='grc' dir='ltr'><em>τόν]</em></span> <span class='ocrx_word' id='word_1_182' title='bbox 1132 2425 1184 2472; x_wconf 91' lang='grc' dir='ltr'><em>τό</em></span> <span class='ocrx_word' id='word_1_183' title='bbox 1224 2428 1344 2473; x_wconf 82' lang='lat' dir='ltr'><em>Fm.</em></span> <span class='ocrx_word' id='word_1_184' title='bbox 1381 2433 1428 2482; x_wconf 90' lang='lat'><em>1,</em></span> <span class='ocrx_word' id='word_1_185' title='bbox 1469 2442 1584 2472; x_wconf 82' lang='lat' dir='ltr'><strong>corr.</strong></span> <span class='ocrx_word' id='word_1_186' title='bbox 1618 2443 1678 2472; x_wconf 90' lang='lat' dir='ltr'><em>m.</em></span> <span class='ocrx_word' id='word_1_187' title='bbox 1712 2433 1761 2481; x_wconf 76' lang='lat'><em>23</em></span> <span class='ocrx_word' id='word_1_188' title='bbox 1794 2445 1846 2473; x_wconf 92' lang='grc' dir='ltr'><em>το</em></span> <span class='ocrx_word' id='word_1_189' title='bbox 1879 2445 1931 2485; x_wconf 86' lang='grc' dir='ltr'><em>φ.</em></span> 
     </span>
     <span class='ocr_line' id='line_1_29' title="bbox 232 2481 1927 2561; baseline 0 -30"><span class='ocrx_word' id='word_1_190' title='bbox 232 2481 374 2544; x_wconf 77' lang='grc' dir='ltr'><em>ἥμισυ</em></span> <span class='ocrx_word' id='word_1_191' title='bbox 406 2485 455 2531; x_wconf 91' lang='lat' dir='ltr'><em>F.</em></span> <span class='ocrx_word' id='word_1_192' title='bbox 608 2492 649 2531; x_wconf 86' lang='lat'><em>4.</em></span> <span class='ocrx_word' id='word_1_193' title='bbox 684 2483 809 2531; x_wconf 79' lang='grc' dir='ltr'><em>ἐστιν</em></span> <span class='ocrx_word' id='word_1_194' title='bbox 840 2486 889 2533; x_wconf 91' lang='lat' dir='ltr'><em>P.</em></span> <span class='ocrx_word' id='word_1_195' title='bbox 1036 2492 1077 2532; x_wconf 87' lang='lat'><em>6.</em></span> <span class='ocrx_word' id='word_1_196' title='bbox 1110 2483 1253 2544; x_wconf 80' lang='grc' dir='ltr'><em>ἥμισυ</em></span> <span class='ocrx_word' id='word_1_197' title='bbox 1286 2488 1335 2532; x_wconf 86' lang='lat' dir='ltr'><em>F.</em></span> <span class='ocrx_word' id='word_1_198' title='bbox 1400 2486 1518 2544; x_wconf 81' lang='grc' dir='ltr'><em>ἔχων</em></span> <span class='ocrx_word' id='word_1_199' title='bbox 1549 2485 1607 2531; x_wconf 93' lang='lat' dir='ltr'><em>V.</em></span> <span class='ocrx_word' id='word_1_200' title='bbox 1754 2493 1793 2532; x_wconf 83' lang='grc'><em>7.</em></span> <span class='ocrx_word' id='word_1_201' title='bbox 1827 2483 1927 2561; x_wconf 84' lang='grc' dir='ltr'><em>ὅτι]</em></span> 
     </span>
     <span class='ocr_line' id='line_1_30' title="bbox 233 2542 1932 2618; baseline 0.001 -28"><span class='ocrx_word' id='word_1_202' title='bbox 233 2561 294 2590; x_wconf 93' lang='lat' dir='ltr'><em>m.</em></span> <span class='ocrx_word' id='word_1_203' title='bbox 328 2551 354 2590; x_wconf 88' lang='grc'><strong>2</strong></span> <span class='ocrx_word' id='word_1_204' title='bbox 386 2545 442 2590; x_wconf 91' lang='lat' dir='ltr'><em>V.</em></span> <span class='ocrx_word' id='word_1_205' title='bbox 535 2546 635 2618; x_wconf 83' lang='grc' dir='ltr'><em>τε]</em></span> <span class='ocrx_word' id='word_1_206' title='bbox 655 2560 744 2590; x_wconf 91' lang='lat' dir='ltr'><em>om.</em></span> <span class='ocrx_word' id='word_1_207' title='bbox 856 2548 905 2591; x_wconf 75' lang='lat' dir='ltr'><em>et</em></span> <span class='ocrx_word' id='word_1_208' title='bbox 943 2547 996 2605; x_wconf 78' lang='lat' dir='ltr'><em>P,</em></span> <span class='ocrx_word' id='word_1_209' title='bbox 1041 2549 1103 2603; x_wconf 90' lang='lat' dir='ltr'><em>(u.</em></span> <span class='ocrx_word' id='word_1_210' title='bbox 1145 2563 1189 2604; x_wconf 93' lang='lat' dir='ltr'><em>p.</em></span> <span class='ocrx_word' id='word_1_211' title='bbox 1223 2551 1324 2597; x_wconf 85' lang='lat'><strong>408.</strong></span> <span class='ocrx_word' id='word_1_212' title='bbox 1357 2551 1383 2590; x_wconf 86' lang='lat'>5</span> <span class='ocrx_word' id='word_1_213' title='bbox 1426 2546 1530 2591; x_wconf 87' lang='lat' dir='ltr'><strong>adn.</strong></span> <span class='ocrx_word' id='word_1_214' title='bbox 1573 2547 1706 2603; x_wconf 64' lang='lat' dir='ltr'><strong>eriis..)</strong></span> <span class='ocrx_word' id='word_1_215' title='bbox 1771 2542 1932 2603; x_wconf 79' lang='grc' dir='ltr'><em>ἄρτιός</em></span> 
     </span>
     <span class='ocr_line' id='line_1_31' title="bbox 235 2562 1929 2678; baseline 0.001 -29"><span class='ocrx_word' id='word_1_216' title='bbox 235 2602 332 2650; x_wconf 81' lang='grc' dir='ltr'><em>ἐστι</em></span> <span class='ocrx_word' id='word_1_217' title='bbox 364 2605 420 2650; x_wconf 94' lang='lat' dir='ltr'><em>V.</em></span> <span class='ocrx_word' id='word_1_218' title='bbox 529 2610 569 2651; x_wconf 87' lang='lat'><em>9.</em></span> <span class='ocrx_word' id='word_1_219' title='bbox 603 2602 765 2662; x_wconf 81' lang='grc' dir='ltr'><em>ἄρτιός</em></span> <span class='ocrx_word' id='word_1_220' title='bbox 787 2562 896 2650; x_wconf 50' lang='grc' dir='ltr'><em>(ἔστι</em></span> <span class='ocrx_word' id='word_1_221' title='bbox 925 2579 996 2650; x_wconf 91' lang='lat' dir='ltr'><em>V.</em></span> <span class='ocrx_word' id='word_1_222' title='bbox 1083 2604 1325 2665; x_wconf 81' lang='grc' dir='ltr'><em>φανερόν]</em></span> <span class='ocrx_word' id='word_1_223' title='bbox 1358 2605 1409 2650; x_wconf 86' lang='lat' dir='ltr'><em>in</em></span> <span class='ocrx_word' id='word_1_224' title='bbox 1438 2620 1526 2651; x_wconf 71' lang='lat' dir='ltr'><strong>rae.</strong></span> <span class='ocrx_word' id='word_1_225' title='bbox 1561 2622 1620 2650; x_wconf 91' lang='lat' dir='ltr'><em>m.</em></span> <span class='ocrx_word' id='word_1_226' title='bbox 1657 2611 1678 2650; x_wconf 91' lang='lat'>1</span> <span class='ocrx_word' id='word_1_227' title='bbox 1714 2620 1757 2678; x_wconf 69' lang='lat' dir='ltr'><em>q.</em></span> <span class='ocrx_word' id='word_1_228' title='bbox 1862 2611 1929 2651; x_wconf 91' lang='lat'><em>10.</em></span> 
     </span>
     <span class='ocr_line' id='line_1_32' title="bbox 233 2659 1930 2736; baseline 0 -28"><span class='ocrx_word' id='word_1_229' title='bbox 233 2659 377 2722; x_wconf 78' lang='grc' dir='ltr'><em>ἥμισυ</em></span> <span class='ocrx_word' id='word_1_230' title='bbox 401 2663 452 2722; x_wconf 87' lang='lat' dir='ltr'><em>F,</em></span> <span class='ocrx_word' id='word_1_231' title='bbox 478 2665 527 2708; x_wconf 69' lang='lat' dir='ltr'><em>eb</em></span> <span class='ocrx_word' id='word_1_232' title='bbox 558 2680 601 2721; x_wconf 91' lang='lat' dir='ltr'><em>q,</em></span> <span class='ocrx_word' id='word_1_233' title='bbox 627 2665 708 2709; x_wconf 85' lang='lat' dir='ltr'><em>sed</em></span> <span class='ocrx_word' id='word_1_234' title='bbox 733 2679 848 2710; x_wconf 85' lang='lat' dir='ltr'><strong>corr.</strong></span> <span class='ocrx_word' id='word_1_235' title='bbox 874 2681 934 2711; x_wconf 90' lang='lat' dir='ltr'><em>m.</em></span> <span class='ocrx_word' id='word_1_236' title='bbox 963 2670 1002 2711; x_wconf 89' lang='lat'><em>1.</em></span> <span class='ocrx_word' id='word_1_237' title='bbox 1083 2671 1152 2711; x_wconf 90' lang='lat'><em>11.</em></span> <span class='ocrx_word' id='word_1_238' title='bbox 1177 2666 1390 2725; x_wconf 79' lang='grc' dir='ltr'><em>τέμωμεν</em></span> <span class='ocrx_word' id='word_1_239' title='bbox 1414 2664 1856 2736; x_wconf 61' lang='grc' dir='ltr'><em>ΒἿᾳ.12.ημισυ</em></span> <span class='ocrx_word' id='word_1_240' title='bbox 1880 2664 1930 2709; x_wconf 83' lang='lat' dir='ltr'><em>F.</em></span> 
     </span>
     <span class='ocr_line' id='line_1_33' title="bbox 234 2719 1932 2798; baseline 0.001 -30"><span class='ocrx_word' id='word_1_241' title='bbox 234 2724 445 2796; x_wconf 76' lang='grc' dir='ltr'><em>ποιῶμεν</em></span> <span class='ocrx_word' id='word_1_242' title='bbox 470 2719 552 2768; x_wconf 84' lang='grc' dir='ltr'><em>ἀεί</em></span> <span class='ocrx_word' id='word_1_243' title='bbox 579 2724 629 2771; x_wconf 86' lang='lat' dir='ltr'><em>F.</em></span> <span class='ocrx_word' id='word_1_244' title='bbox 718 2729 785 2769; x_wconf 87' lang='lat'><em>13.</em></span> <span class='ocrx_word' id='word_1_245' title='bbox 819 2726 1060 2798; x_wconf 82' lang='grc' dir='ltr'><em>ποιοῦμεν</em></span> <span class='ocrx_word' id='word_1_246' title='bbox 1081 2726 1133 2780; x_wconf 88' lang='grc' dir='ltr'><em>Ρ,</em></span> <span class='ocrx_word' id='word_1_247' title='bbox 1157 2725 1231 2784; x_wconf 71' lang='lat' dir='ltr'><em>P2.</em></span> <span class='ocrx_word' id='word_1_248' title='bbox 1294 2722 1658 2796; x_wconf 81' lang='grc' dir='ltr'><em>καταντήσωμεν</em></span> <span class='ocrx_word' id='word_1_249' title='bbox 1688 2724 1742 2784; x_wconf 68' lang='lat' dir='ltr'><em>P2</em></span> <span class='ocrx_word' id='word_1_250' title='bbox 1751 2759 1760 2769; x_wconf 90' lang='lat'><strong>.</strong></span> <span class='ocrx_word' id='word_1_251' title='bbox 1851 2740 1932 2769; x_wconf 87' lang='grc' dir='ltr'><em>πε-</em></span> 
     </span>
     <span class='ocr_line' id='line_1_34' title="bbox 236 2758 1932 2902; baseline -0.001 -14"><span class='ocrx_word' id='word_1_252' title='bbox 236 2784 433 2902; x_wconf 59' lang='grc' dir='ltr'><em>ἓὲἶῗοέ].</em></span> <span class='ocrx_word' id='word_1_253' title='bbox 457 2797 695 2888; x_wconf 54' lang='grc' dir='ltr'><em>θ’ἓοεῖοι</em></span> <span class='ocrx_word' id='word_1_254' title='bbox 728 2788 833 2889; x_wconf 50' lang='grc' dir='ltr'><em>3Ἇῖ</em></span> <span class='ocrx_word' id='word_1_255' title='bbox 852 2780 1537 2902; x_wconf 54' lang='grc' dir='ltr'><em>Ἢέοέονκοῖᾈὶῗὲσέζέιᾶὲἔς</em></span> <span class='ocrx_word' id='word_1_256' title='bbox 1574 2782 1701 2889; x_wconf 62' lang='grc' dir='ltr'><em>τιιῗ</em></span> <span class='ocrx_word' id='word_1_257' title='bbox 1720 2758 1932 2902; x_wconf 55' lang='grc' dir='ltr'><em>ἔέἷθβῗὲ</em></span> 
     </span>
    </p>
   </div>
  </div>
 </body>
</html>
