1988 3152
258 132 363 185 138
870 133 1205 176 mommsen
1236 130 1300 177 ς’.

257 253 576 306 διπλασίονι
608 248 757 325 λόγῳ
791 249 906 305 ἐστὶ
936 252 1050 306 τῶν
1090 248 1385 322 ὁμολόγων
1416 253 1689 321 πλευρῶν.
1758 251 1852 305 καὶ
1883 251 1945 306 τὸ

254 344 547 397 ΑΒΓΔΕ
582 336 693 410 ἄρα
730 338 1065 410 πολύγωνον
1104 339 1244 411 πρὸς
1281 339 1344 395 τὸ
1379 344 1667 394 ΖΗΘΚΛ
1698 338 1947 409 πολύγω-

254 451 360 485 νον
427 431 763 483 διπλασίονα
825 427 998 499 λόγον
1058 432 1167 500 ἔχει
1229 426 1368 500 ἤπερ
1422 425 1456 498 ἡ
1515 434 1623 484 ΑΒ
1678 425 1950 498 ὁμόλογος

257 515 468 585 πλευρὰ
510 515 651 588 πρὸς
686 516 792 588 τὴν
833 523 956 572 ΖΗ
988 515 1268 588 ὁμόλογον
1307 516 1568 588 πλευράν.

198 632 224 671 5
374 603 455 659 Τὰ
513 602 624 677 ἄρα
676 603 842 676 ὅμοια
895 605 1196 677 πολύγωνα
1251 611 1331 672 εἴς
1384 627 1442 662 τε
1493 603 1659 676 ὅμοια
1706 610 1949 677 τρίγωνα

258 697 555 766 διαιρεῖται
599 694 694 749 καὶ
741 698 819 760 εἰς
868 701 961 750 ἴσα
1006 693 1070 750 τὸ
1122 697 1340 765 πλῆθος
1385 693 1478 749 καὶ
1534 691 1780 765 ὁμόλογα
1833 704 1950 758 τοῖς

257 780 437 854 ὅλοις,
493 781 587 837 καὶ
623 782 687 838 τὸ
727 781 1062 853 πολύγωνον
1102 782 1242 852 πρὸς
1278 782 1340 838 τὸ
1382 782 1716 853 πολύγωνον
1757 785 1948 837 διπλα-

258 875 423 926 σίονα
475 869 650 942 λόγον
697 875 806 943 ἔχει
853 870 993 942 ἥπερ
1033 869 1067 943 ἡ
1109 869 1382 942 ὁμόλογος
1420 870 1630 942 πλευρὰ
1670 870 1808 942 πρὸς
1846 869 1948 941 τὴν

257 956 538 1030 ὁμόλογον
577 958 828 1030 πλευράν
870 957 1029 1031 [ὅπερ
1071 962 1184 1014 ἔδει
1225 961 1440 1029 δεῖξαι]

166 1118 221 1158 10
930 1090 1253 1164 Πόρισμα.

357 1178 646 1247 Ὡσαύτως
695 1180 756 1237 δὲ
795 1181 887 1236 καὶ
931 1180 1018 1238 ἐπὶ
1065 1183 1178 1236 τῶν
1222 1178 1482 1252 [ὁμοίων]
1523 1179 1945 1252 τετραπλεύρων

254 1269 633 1342 δειχθήσεται,
682 1270 766 1326 ὅτι
814 1271 875 1326 ἐν
924 1273 1244 1326 διπλασίονι
1299 1268 1448 1345 λόγῳ
1497 1269 1604 1325 εἰσὶ
1650 1272 1764 1325 τῶν
1813 1267 1944 1341 ὁμο-

252 1357 440 1430 λόγων
486 1362 760 1431 πλευρῶν.
837 1360 1063 1430 ἐδείχθη
1114 1357 1175 1413 δὲ
1222 1357 1312 1412 καὶ
1354 1357 1440 1413 ἐπὶ
1480 1359 1593 1413 τῶν
1632 1357 1946 1430 τριγώνων·

253 1447 394 1503 ὥστε
455 1448 549 1503 καὶ
602 1447 858 1504 καθόλου
911 1446 979 1502 τὰ
1036 1444 1203 1518 ὅμοια
1258 1445 1631 1518 εὐθύγραμμα
1694 1446 1945 1518 σχήματα

170 1562 223 1602 15
255 1535 395 1607 πρὸς
433 1534 646 1608 ἄλληλα
686 1538 747 1592 ἐν
787 1539 1109 1592 διπλασίονι
1148 1534 1295 1610 λόγῳ
1338 1534 1444 1591 εἰσὶ
1491 1538 1605 1591 τῶν
1653 1533 1944 1607 ὁμολόγων

251 1627 523 1698 πλευρῶν.
594 1624 727 1695 ὅπερ
769 1626 881 1680 ἔδει
922 1624 1110 1690 δεῖξαι.

879 1757 1212 1829 [Πόρισμα
1244 1756 1315 1828 β’.

362 1846 477 1902 Καὶ
534 1844 632 1902 ἐὰν
686 1848 798 1901 τῶν
846 1852 981 1916 ΑΒ,
1017 1851 1136 1901 ΖΗ
1174 1850 1368 1917 τρίτην
1423 1844 1708 1916 ἀνάλογον
1764 1845 1943 1917 λάβω-

249 1957 351 2006 μεν
405 1934 509 2007 τὴν
564 1938 636 2006 Ξ,
691 1931 726 2006 ἡ
776 1940 886 1990 ΒΑ
942 1933 1081 2007 πρὸς
1134 1932 1237 2006 τὴν
1282 1937 1331 1998 Ξ
1383 1938 1717 1990 διπλασίονα
1771 1935 1942 2006 λόγον

166 2051 221 2091 20
254 2028 364 2096 ἔχει
419 2022 559 2095 ἥπερ
622 2020 656 2095 ἡ
713 2029 821 2079 AB
876 2022 1016 2094 πρὸς
1069 2021 1172 2094 τὴν
1236 2027 1362 2078 ΖΗ.
1447 2027 1558 2095 ἔχει
1615 2021 1676 2078 δὲ
1734 2023 1826 2079 καὶ
1880 2023 1944 2080 τὸ

250 2111 585 2184 πολύγωνον
640 2110 780 2184 πρὸς
833 2109 895 2167 τὸ
953 2110 1288 2182 πολύγωνον
1343 2108 1376 2182 ἢ
1425 2109 1489 2167 τὸ
1535 2110 1943 2185 τετράπλευρον

249 2201 389 2274 πρὸς
418 2201 481 2258 τὸ
522 2199 930 2272 τετράπλευρον
964 2203 1298 2256 διπλασίονα
1337 2199 1510 2272 λόγον
1557 2198 1696 2271 ἥπερ
1736 2198 1770 2272 ἡ
1811 2199 1943 2272 ὁμό-

249 2297 415 2361 λογος
453 2288 664 2363 πλευρὰ
703 2289 843 2362 πρὸς
879 2289 982 2361 τὴν
1023 2286 1304 2360 ὁμόλογον
1343 2288 1618 2359 πλευράν,
1657 2291 1941 2346 τουτέστιν

250 2377 284 2450 ἡ
319 2385 427 2435 ΑΒ
467 2377 608 2451 πρὸς
653 2378 757 2449 τὴν
800 2384 931 2434 ΖΗ·
989 2380 1214 2450 ἐδείχθη
1265 2377 1326 2434 δὲ
1365 2381 1530 2434 τοῦτο
1570 2379 1662 2434 καὶ
1703 2379 1789 2435 ἐπὶ
1829 2382 1942 2435 τῶν

161 2494 216 2534 25
249 2467 561 2539 τριγώνων·
602 2466 742 2523 ὥστε
774 2468 866 2522 καὶ
897 2466 1153 2523 καθόλου
1193 2466 1470 2538 φανερόν,
1512 2465 1615 2538 ὅτι,
1658 2466 1756 2523 ἐὰν
1795 2478 1941 2538 τρεῖς

250 2555 469 2612 εὐθεῖαι
508 2554 794 2627 ἀνάλογον
836 2549 1002 2626 ὦσιν,
1044 2559 1196 2611 ἔσται
1236 2553 1311 2622 ὥς
1349 2553 1383 2627 ἡ
1424 2556 1611 2628 πρώτη
1653 2555 1792 2628 πρὸς
1837 2556 1940 2628 τὴν

249 2649 463 2716 τρίτην,
506 2641 683 2710 οὕτως
714 2643 776 2700 τὸ
819 2642 928 2700 ἀπὸ
968 2647 1068 2715 τῆς
1105 2643 1326 2715 πρώτης
1365 2641 1514 2710 εἶδος
1551 2644 1690 2715 πρὸς
1728 2644 1791 2701 τὸ
1832 2643 1939 2701 ἀπὸ

247 2737 344 2804 τῆς
384 2733 645 2803 δευτέρας
682 2730 745 2788 τὸ
787 2730 987 2804 ὅμοιον
1026 2733 1118 2788 καὶ
1167 2729 1374 2804 ὁμοίως
1423 2731 1936 2806 ἀναγραφόμενον]

369 2857 407 2895 1.
435 2848 559 2896 ἐστίν
576 2851 626 2896 F.
721 2855 761 2894 2.
779 2847 1072 2910 πολύγωνον]
1095 2851 1213 2907 (alt.)
1238 2847 1501 2907 πολύγονον
1524 2867 1570 2908 p.
1665 2856 1704 2898 7.
1729 2851 1934 2909 πολύγω-

246 2911 352 2969 νον]
379 2910 498 2968 (alt.)
521 2906 815 2966 πολυγώνων
833 2927 883 2966 φ.
965 2915 1032 2954 10.
1058 2906 1288 2968 πόρισμα]
1307 2924 1397 2955 om.
1416 2909 1571 2966 PBV;
1598 2909 1679 2957 κα’
1698 2912 1786 2968 Fp.
1870 2917 1937 2956 11.
