1988 3152
219 91 328 143 428
910 93 1230 135 APPENDIX.

222 210 372 265 ἐστὶν
411 209 446 281 ἡ
487 215 608 265 ΝΕ
641 210 966 282 περιφέρεια
1003 213 1102 280 τῆς
1139 215 1244 264 ΕΖ
1289 215 1668 283 περιφερείας,
1714 226 1912 264 τοσαυ-

219 300 540 352 ταπλασίων
581 297 694 352 ἐστὶ
732 296 824 351 καὶ
865 296 889 351 c‘
928 301 1108 351 ΘΕΝ
1129 294 1330 367 τομεὺς
1358 299 1460 352 τοῦ
1499 302 1658 352 ΘΕΖ
1690 299 1915 368 τομέως.
1986 308 1988 342 ἶ

222 389 273 440 εἰ
311 384 418 455 ἄρα
451 391 543 454 ἴση
577 384 728 439 ἐστὶν
759 381 793 454 ἡ
828 389 938 438 BA
969 385 1290 456 περιφέρεια
1319 387 1386 456 τῇ
1420 391 1543 439 ΕΝ
1574 391 1914 459 περιφερείᾳ,

222 480 342 538 ἴσος
396 473 509 528 ἐστὶ
563 472 656 527 καὶ
704 470 734 528 6
782 478 958 527 BHA
1003 471 1205 543 τομεὺς
1249 476 1324 548 τῷ
1373 479 1549 528 ΕΘΝ
1587 486 1767 546 τομεῖ,
1822 475 1915 529 καὶ

163 574 189 615 5
222 565 273 618 εἰ
320 560 571 634 ὑπερέχει
625 561 660 631 ἡ
711 566 822 615 ΒΛ
867 563 1190 633 περιφέρεια
1233 565 1331 632 τῆς
1378 567 1498 616 ΕΝ
1546 567 1915 634 περιφερείας,

220 649 476 723 ὑπερέχει
525 650 618 705 καὶ
668 647 698 705 6
739 655 915 706 BHA
953 649 1152 722 τομεὺς
1190 653 1292 705 τοῦ
1332 656 1511 705 ΘΕΝ
1542 652 1776 722 τομέως,
1823 653 1915 706 καὶ

222 743 274 795 εἰ
321 742 581 809 ἐλλείπει,
631 739 879 794 ἐλλείπει.
954 738 1244 811 τεσσάρων
1296 738 1365 810 δὴ
1416 737 1599 794 ὄντων
1659 742 1917 810 μεγεθῶν

223 827 327 883 δύο
362 827 466 899 μὲν
495 831 609 883 τῶν
641 831 762 898 ΒΓ,
795 834 899 883 ΕΖ
929 831 1318 901 περιφερειῶν,
1351 826 1457 883 δύο
1491 827 1553 883 δὲ
1582 831 1697 883 τῶν
1729 833 1916 897 ΗΒΓ,

221 922 381 971 ΕΘΖ
431 916 646 987 τομέων
701 923 952 988 εἴληπται
1003 916 1183 982 ἰσάκις
1233 916 1618 972 πολλαπλάσια
1671 919 1769 987 τῆς
1815 915 1917 987 μὲν

135 1018 190 1058 10
222 1009 335 1060 ΒΓ
366 1009 720 1076 περιφερείας
757 1006 852 1060 καὶ
890 1008 992 1061 τοῦ
1030 1010 1208 1060 ΗΒΓ
1238 1005 1447 1075 τομέως
1485 1003 1521 1075 ἥ
1566 1026 1625 1060 τε
1670 1011 1718 1060 Β
1731 1011 1781 1059 Λ
1825 1024 1916 1060 πε-

223 1095 477 1166 ριφέρεια
515 1094 608 1148 καὶ
649 1091 679 1149 ὃ
717 1099 895 1149 HBA
934 1093 1158 1165 τομεὺς,
1198 1097 1296 1165 τῆς
1336 1093 1398 1149 δὲ
1431 1098 1535 1148 ΕΖ
1566 1097 1919 1164 περιφερείας

222 1182 314 1237 καὶ
352 1184 455 1238 τοῦ
494 1187 654 1236 ΘΕΖ
692 1183 902 1253 τομέως
951 1183 1132 1248 ἰσάκις
1177 1180 1564 1238 πολλαπλάσια
1616 1181 1654 1252 ἥ
1699 1202 1756 1238 τε
1803 1186 1926 1236 ΕΝ

222 1270 561 1342 περιφέρειοῖ
584 1271 677 1325 καὶ
718 1269 746 1326 6
788 1277 969 1327 ΘΕΝ
1001 1270 1220 1342 τομεύς·
1258 1271 1352 1325 καὶ
1392 1271 1691 1341 δέδεικται,
1732 1269 1819 1326 ὅτι
1869 1273 1920 1325 εἰ

222 1356 475 1431 ὑπερέχει
506 1357 541 1430 ἡ
574 1365 684 1415 ΒΛ
713 1362 1035 1433 περιφέρεια
1065 1364 1162 1431 τῆς
1191 1365 1315 1415 ΕΝ
1346 1364 1714 1431 περιφερείας,
1754 1358 1918 1430 ὑπερ-

136 1459 190 1500 15
224 1449 334 1519 έχει
380 1448 474 1503 καὶ
522 1446 552 1504 6
600 1454 716 1503 ΒΗ
730 1455 776 1503 Λ
821 1447 1020 1520 τομεὺς
1071 1452 1174 1504 τοῦ
1228 1454 1405 1504 ΕΘΝ
1445 1448 1677 1519 τομέως,
1731 1447 1823 1502 καὶ
1871 1452 1923 1503 εἰ

225 1543 343 1607 ἴση,
385 1544 530 1608 ἴσος,
569 1537 662 1592 καὶ
702 1540 753 1594 εἰ
792 1540 1050 1608 ἐλλείπει,
1101 1539 1351 1593 ἐλλείπει.
1423 1540 1575 1592 ἔστιν
1615 1535 1724 1607 ἄρα
1766 1534 1838 1601 ὡς
1882 1534 1917 1607 ἡ

224 1631 337 1682 ΒΓ
366 1626 689 1698 περιφέρεια
728 1625 866 1699 πρὸς
904 1626 1008 1698 τὴν
1048 1633 1177 1698 ΕΖ,
1218 1624 1396 1691 οὕτως
1437 1623 1466 1681 6
1506 1630 1682 1680 ΗΒΓ
1719 1629 1921 1696 τομεὺς

224 1714 364 1788 πρὸς
401 1714 503 1771 τὸν
543 1720 701 1770 ΘΕΖ
739 1716 923 1787 τομέα.

889 1877 1256 1950 [Πόρισμα]

139 1993 197 2033 20
343 1981 457 2036 Καὶ
499 1985 692 2053 δῆλον,
733 1981 821 2037 ὅτι
858 1982 952 2036 καὶ
993 1979 1066 2047 ὡς
1106 1979 1135 2037 6
1175 1979 1374 2052 τομεὺς
1411 1983 1549 2054 πρὸς
1595 1979 1697 2036 τὸν
1734 1980 1922 2052 τομεά,

226 2067 404 2135 οὕτως
441 2070 534 2124 καὶ
573 2067 607 2141 ἡ
647 2074 825 2141 γωνιά
864 2069 1003 2143 πρὸς
1040 2070 1146 2142 τὴν
1185 2074 1415 2141 γωνίαν.

838 2248 1021 2319 Uulgo
1061 2248 1191 2318 VII,
1230 2250 1316 2303 20.

333 2348 465 2405 Ἐάν
518 2362 664 2423 τρεῖς
710 2348 945 2423 άριθμοὶ
994 2348 1280 2421 ἀνάλογον
1337 2344 1500 2421 ὦσιν,
1557 2349 1585 2406 6
1641 2348 1751 2405 ὑπὸ
1805 2353 1918 2406 τῶν

226 2435 416 2511 ἄκρων
456 2444 577 2504 ἴσος
617 2438 731 2494 ἐστὶ
769 2442 845 2515 τῷ
888 2437 995 2495 ἀπὸ
1035 2442 1136 2494 τοῦ
1176 2439 1361 2511 μέσου.
1437 2439 1531 2494 καὶ
1579 2437 1677 2494 ε’ἀν
1727 2436 1757 2494 6
1809 2436 1918 2495 ὑπὸ

348 2638 387 2675 1.
420 2628 824 2682 τοσαυταπλάσιος
854 2631 991 2689 PBp.
1138 2637 1180 2676 3.
1211 2631 1519 2691 περιφερείᾳ]
1554 2644 1642 2677 om.
1675 2630 1731 2676 V.
1876 2636 1917 2675 4.

225 2690 403 2748 ΕΘΝ]
446 2690 589 2747 BFp,
630 2692 783 2734 ΕΘΗ
819 2708 855 2747 φ
890 2694 936 2736 et
969 2706 993 2736 e
1025 2705 1138 2736 corr.
1172 2691 1274 2735 PV.
1426 2694 1466 2734 5.
1500 2691 1614 2748 BA]
1647 2694 1683 2734 Β
1716 2703 1832 2735 eras.
1865 2690 1917 2734 B.

226 2755 266 2794 6.
301 2749 470 2807 BHA]
505 2753 603 2793 ΒΗ
627 2751 677 2794 in
706 2763 795 2794 ras,
830 2765 889 2795 m.
925 2755 950 2794 2
983 2751 1038 2805 V,
1074 2753 1212 2794 HBA
1243 2751 1294 2795 P.
1417 2750 1596 2807 ΘΕΝ]
1638 2750 1793 2794 ΕΘΝ
1826 2748 1917 2805 Fp.

226 2813 266 2853 ’1.
299 2805 389 2867 δή]
422 2807 477 2853 δέ
507 2823 552 2865 p.
676 2814 716 2854 8.
750 2808 856 2867 μέν]
889 2824 950 2852 m.
983 2815 1010 2854 2
1043 2810 1093 2854 F.
1218 2813 1287 2854 10.
1321 2809 1435 2866 ΒΓ]
1469 2812 1504 2851 Β
1537 2824 1562 2853 e
1595 2823 1709 2853 corr.
1733 2823 1793 2852 m.
1824 2813 1846 2852 1
1871 2823 1915 2863 p.

229 2872 298 2916 12.
331 2865 679 2913 πολλαπλάσιον
709 2867 765 2912 V.
891 2874 958 2912 13.
994 2867 1062 2926 εἰ]
1096 2881 1208 2914 corr.
1243 2882 1299 2913 ex
1330 2863 1358 2923 ἠ
1384 2868 1425 2912 V
1458 2883 1517 2911 m.
1543 2873 1583 2912 2.
1708 2871 1778 2912 14.
1804 2867 1916 2924 BA]
