1988 3152
499 23 960 65 ELEMENTORUM
989 23 1172 64 LIBER
1202 23 1280 67 IX.
1636 23 1743 77 399

795 155 996 210 XXIX.

162 262 220 317 Si
258 263 435 331 impar
472 279 725 314 numerus
764 259 1029 336 imparem
1059 278 1342 315 numerum
1375 261 1745 332 multiplicans

46 370 332 406 numerum
388 351 624 420 aliquem
681 349 940 418 effecerit,
995 369 1252 404 numerus
1303 352 1600 421 productus
1647 352 1747 405 im-

46 461 147 512 par
186 441 302 493 erit.

234 545 474 586 ι--ιΑ
792 528 936 582 Nam
976 531 1155 600 impar
1193 549 1448 585 numerus
1487 538 1540 585 A
1579 533 1750 602 impa-

505 634 557 674 ιΒ
673 638 788 673 rem
828 639 1112 673 numerum
1154 625 1200 674 Β
1234 621 1602 690 multiplicans
1650 641 1748 676 nu-

595 733 603 763 ι
676 728 885 763 merum
915 711 969 763 Γ
1001 709 1215 763 efficiat.
1280 711 1421 781 dico,
1461 730 1748 765 numerum

674 802 728 852 Γ
759 800 1022 868 imparem
1063 818 1195 853 esse.

0 885 10 956 ἶ,
158 910 286 944 nam
319 891 573 959 quoniam
605 893 660 942 A
685 901 755 944 ><
781 893 827 942 Β
855 914 925 932 =
953 890 1013 955 Γ,
1050 908 1306 943 numerus
1340 893 1393 943 Γ
1423 908 1487 943 ex
1517 891 1749 944 totidem

0 972 2 979 ¹
49 981 290 1034 numeris
314 999 538 1033 numero
563 983 610 1032 Β
637 978 952 1048 aequalibus
979 979 1312 1047 compositus
1344 982 1440 1049 est,
1473 982 1606 1049 quot
1630 980 1747 1033 uni·

49 1074 191 1124 tates
217 1073 343 1123 sunt
366 1069 426 1121 in
449 1073 503 1122 A
530 1067 659 1135 [VII
677 1067 777 1121 def.
809 1067 913 1134 15].
961 1069 1014 1120 et
1038 1070 1261 1137 uterque
1285 1072 1352 1138 A,
1376 1071 1423 1121 Β
1448 1069 1626 1138 impar
1651 1072 1749 1122 est.

0 1140 10 1239 ζ
48 1161 233 1229 itaque
274 1160 327 1211 Γ
366 1157 698 1227 compositus
741 1159 824 1209 esi:
863 1174 927 1209 ex
965 1156 1266 1225 imparibus
1305 1158 1570 1228 numeris,
1620 1177 1749 1228 quo-

0 1250 5 1321 }
49 1268 171 1302 rum
218 1247 507 1300 multitudo
555 1247 734 1316 impar
788 1250 884 1300 est.
963 1262 1092 1316 ergo
1136 1247 1189 1298 Γ
1227 1246 1403 1316 impar
1453 1251 1534 1300 esi:
1575 1249 1751 1317 [prop.

0 1337 5 1370 ³'
52 1337 286 1408 XXIII];
326 1337 468 1407 quod
510 1339 627 1390 erat
667 1334 1160 1389 demonstrandum.

229 647 233 676 Ι

409 783 452 824 Γ

812 1483 985 1539 XXX.

169 1589 225 1644 Si
264 1609 519 1643 numerus
560 1590 735 1659 impar
774 1607 962 1659 parem
992 1607 1278 1642 numerum
1311 1588 1545 1658 metitur,
1585 1589 1751 1643 eiiam
1826 1614 1829 1616 ·

53 1679 335 1732 dimidium
376 1680 489 1732 eius
529 1679 796 1732 metietur.

164 1768 309 1822 Nam
347 1769 526 1838 impar
563 1786 819 1821 numerus
860 1771 914 1820 A
951 1785 1138 1838 parem
1177 1770 1225 1819 B
1267 1767 1539 1820 metiatur.
1619 1766 1751 1837 dico,

55 1877 175 1912 eum
218 1858 382 1912 etiam
425 1857 706 1910 dimidium
747 1857 861 1910 eius
904 1857 1101 1909 metiri.

66 1978 95 2018 ᾗ
140 1977 171 1983 -
217 1975 247 1981 -
434 1965 562 1999 nam
596 1946 855 2015 quoniam
888 1950 941 1998 A
970 1964 1254 1998 numerum
1287 1949 1334 1999 Β
1367 1947 1613 2016 metitur,
1645 1965 1752 1999 me-

79 2022 84 2085 ἰ
322 2037 492 2089 ’viatur
516 2035 810 2089 secundum
836 2037 895 2088 Γ.
951 2034 1085 2103 ditm,
1121 2037 1169 2087 Γ
1192 2036 1457 2104 imparem
1481 2053 1592 2088 non
1618 2052 1751 2089 esse.

67 2097 97 2168 L
323 2145 451 2179 nam
484 2125 530 2178 si
561 2125 679 2177 fieri
709 2126 907 2193 potesss,
947 2124 1124 2193 impar
1156 2124 1242 2176 sit.
1321 2127 1375 2176 et
1409 2124 1665 2194 quoniam
1698 2129 1752 2176 A

63 2182 99 2222 Α
214 2206 257 2263 f„
323 2233 607 2268 numerum
646 2217 693 2266 Β
736 2212 1028 2266 secundum
1069 2215 1123 2264 Γ
1153 2213 1391 2283 metitur,
1432 2213 1536 2266 erit

92 2380 126 2420 Β
841 2307 895 2355 Α
918 2314 990 2358 ><
1015 2304 1068 2355 Γ
1087 2328 1157 2346 =
1181 2306 1244 2357 Β.

143 2428 173 2434 -
324 2394 507 2463 itaque
549 2396 595 2446 Β
637 2393 970 2462 compositus
1019 2395 1101 2445 esi]
1140 2411 1205 2445 ex
1250 2392 1488 2446 numeris
1536 2390 1755 2461 impari-

55 2484 172 2552 bus,
205 2476 431 2552 qubrum
463 2482 754 2535 multitudo
787 2482 965 2550 impar
997 2484 1095 2534 est.
1157 2482 1341 2551 itaque
1373 2485 1420 2535 Β
1459 2482 1636 2550 impar
1669 2483 1752 2533 est

56 2573 230 2641 [prop.
260 2569 493 2641 XXIH];
535 2572 678 2641 quod
717 2570 1010 2624 absurdum
1042 2572 1149 2640 θείας
1190 2588 1316 2623 nam
1357 2571 1753 2641 supposuimus,

56 2778 148 2821 mg.
173 2779 243 2834 Jn.
279 2769 301 2808 1
334 2763 384 2808 1⁴¹.
524 2767 592 2808 18.
627 2759 752 2835 2·va
773 2776 888 2807 corr.
923 2775 978 2807 ex
1009 2758 1063 2807 τό
1095 2777 1155 2809 m.
1192 2767 1215 2806 1
1248 2762 1298 2809 F.
1430 2768 1499 2808 21.
1536 2760 1668 2808 ἔσται
1701 2779 1751 2820 φ,

59 2828 129 2868 22.
162 2822 281 2881 αρα]
316 2836 405 2868 om.
438 2822 494 2867 V,
617 2827 687 2867 23.
721 2838 814 2877 αρα
846 2825 881 2865 Β
914 2821 970 2866 V.
