1988 3152
199 56 309 109 408
837 57 1174 100 ΣΤοΙΧΕῙῼΝ
1203 55 1279 100 θ’.

201 186 318 239 τοῖς
365 182 445 245 Δ,
479 180 608 245 ΒΓ,
642 182 715 230 Λ·
771 179 922 231 ἔστιν
970 174 1079 248 ἄρα
1125 173 1198 240 ὡς
1246 172 1275 230 6
1325 179 1447 230 ΓΗ
1490 173 1629 248 πρὸς
1676 174 1779 231 τὸν
1825 183 1901 246 A,
1958 184 1979 232 ‚¹

130 324 134 328 ,
203 261 381 328 οὕτως
428 261 457 318 6
508 269 612 318 ΕΘ
651 261 789 335 πρὸς
826 262 960 329 τοὺς
999 271 1079 334 Δ,
1112 268 1239 334 ΒΓ,
1271 271 1339 321 Α.
1411 268 1559 320 ἔστιν
1600 262 1708 337 ἄρα
1748 262 1823 330 ὡς
1861 263 1896 336 ἡ
1967 313 1970 315 ,

202 355 303 408 τοῦ
360 353 625 424 δευτέρου
674 350 918 424 ὑπεροχὴ
974 352 1110 425 πρὸς
1163 351 1265 408 τὸν
1319 356 1566 423 πρῶτον,
1630 354 1807 419 οὕτως
1861 353 1895 424 ἡ
1963 351 1966 353 ’

203 444 304 496 τοῦ
353 441 587 513 ἐσχάτου
632 435 894 514 ὑπεροχὴ
925 440 1062 514 πρὸς
1107 440 1239 507 τοὺς
1276 440 1383 514 πρὸ
1427 442 1629 497 ἑαυτοῦ
1668 444 1904 508 πάντας·

147 544 172 582 5
208 528 342 602 ὅπερ
383 533 496 584 ε”δει
537 530 726 596 δεῖξαι.
1773 535 1780 541 ”

1003 635 1105 692 λς’.

314 735 461 792 Ἐὰν
509 735 631 792 ἀπὸ
681 738 974 808 μονάδος
1014 735 1381 792 ὁποσοιοῦν
1428 736 1708 809 ἀριθμοὶ
1757 739 1906 809 ἑξῆς

208 828 574 882 ἐκτεθῶσιν
646 828 713 882 ἐν
774 830 847 899 τῇ
921 831 1308 882 διπλασίονι
1371 824 1722 901 ἀναλογίᾳ,
1786 828 1905 891 ἕως

209 907 286 971 οὗ
333 913 361 970 ὁ
421 915 674 986 σύμπας
737 916 1086 981 συντεθεὶς
1139 918 1392 986 πρῶτος
1445 916 1740 987 γένηται,
1795 916 1902 970 καὶ

119 1016 175 1056 10
210 1003 239 1060 6
289 1004 546 1074 σύμπας
592 1004 697 1058 ἐπὶ
746 1003 860 1060 τὸν
917 1009 1193 1076 ἔσχατον
1249 1005 1908 1069 πολλαπλασιασθεὶς

207 1095 363 1166 ποιῇ
403 1114 576 1163 τινα,
618 1090 647 1148 6
689 1095 1052 1165 γενόμενος
1090 1094 1341 1159 τέλειος
1381 1098 1576 1149 ἔσται.

317 1179 447 1237 Ἀπὸ
481 1180 588 1251 γὰρ
622 1183 870 1253 μονάδος
895 1185 1276 1238 ἐκκείσθωσαν
1303 1180 1713 1253 ὁσοιδηποτοῦν
1746 1179 1905 1253 άριθ·

208 1270 305 1342 μοὶ
360 1272 420 1326 ἐν
470 1273 536 1343 τῇ
594 1270 1272 1345 διπλασίονωάναλογίᾳ,
1329 1273 1431 1337 ἕως
1486 1264 1556 1327 οὗ
1611 1270 1641 1326 ὁ
1690 1271 1912 1341 σύμπας

211 1359 502 1424 συντεθεὶς
555 1362 771 1431 πρῶτος
823 1361 1076 1431 γε’νηται,
1134 1363 1191 1415 οἰ
1234 1368 1311 1431 A,
1345 1367 1419 1429 Β,
1451 1365 1514 1430 Γ,
1550 1367 1628 1430 Δ,
1683 1359 1776 1414 καὶ
1831 1362 1907 1434 τῷ

122 1459 178 1500 15
211 1448 490 1519 σύμπαντι
546 1455 664 1513 ἴσος
719 1453 857 1504 ἔστω
910 1447 939 1505 6
990 1457 1068 1520 E,
1123 1450 1215 1505 καὶ
1271 1447 1300 1505 ὁ
1349 1456 1401 1504 Ε
1451 1448 1551 1504 τὸν
1607 1455 1662 1503 Δ
1707 1454 1909 1503 πολλα-

210 1536 519 1602 πλασιάσας
556 1535 654 1592 τὸν
689 1543 802 1592 ΖΗ
831 1544 1071 1594 ποιείτω.
1142 1540 1301 1608 λέγω,
1351 1535 1435 1593 ὅτι
1477 1535 1506 1592 ὁ
1556 1542 1674 1592 ΖΗ
1704 1537 1913 1602 τέλειός

211 1629 378 1683 ἐστιν.

309 1713 468 1771 Ὅσοι
507 1716 616 1789 γάρ
658 1720 802 1771 εἰσιν
843 1719 901 1772 οἱ
936 1723 1014 1787 Α,
1047 1723 1114 1787 Β,
1147 1721 1211 1787 Γ,
1246 1723 1300 1771 Δ
1338 1720 1412 1791 τῷ
1453 1716 1676 1788 πλήθει,
1716 1718 1912 1770 τοσοῦ-

210 1827 299 1862 τοι
345 1803 454 1861 άπὸ
495 1813 597 1860 τοῦ
639 1811 691 1860 Ε
727 1805 1095 1877 εἰλήφθωσαν
1137 1807 1196 1861 ἐν
1244 1809 1308 1878 τῇ
1353 1809 1671 1860 διπλασίονι
1711 1801 1911 1859 ἀναλο-

124 1906 182 1946 20
213 1900 309 1970 γίᾳ
357 1897 415 1950 οἱ
458 1900 531 1964 Ε,
570 1900 706 1964 ΘΚ,
747 1900 824 1965 Λ,
869 1900 953 1950 Μ·
1003 1892 1077 1949 δι’
1131 1902 1258 1950 ἴσου
1306 1893 1414 1966 ἄρα
1463 1895 1614 1950 ἐστὶν
1662 1891 1734 1959 ὡς
1782 1891 1811 1948 6
1860 1900 1913 1949 A

213 1983 354 2058 πρὸς
385 1982 486 2040 τὸν
532 1990 602 2053 Δ,
643 1983 820 2047 οὕτως
860 1980 890 2038 6
930 1989 983 2038 E
1017 1981 1155 2055 πρὸς
1194 1982 1294 2039 τὸν
1335 1989 1414 2039 Μ
1485 1980 1514 2038 ὁ
1557 1980 1663 2054 ἄρα
1704 1985 1761 2038 ἐκ
1800 1986 1914 2038 τῶν

215 2081 291 2145 Ε,
341 2081 396 2129 Δ
447 2081 566 2138 ἴσος
614 2072 727 2127 ἐστὶ
773 2074 850 2147 τῷ
900 2074 958 2127 ἐκ
1005 2076 1120 2128 τῶν
1167 2080 1247 2143 Α,
1290 2078 1367 2127 Μ.
1444 2076 1542 2126 καί
1586 2073 1735 2127 ἐστιν
1784 2069 1814 2126 6
1857 2073 1915 2127 ἐκ

214 2167 327 2220 τῶν
367 2170 441 2233 Ε,
484 2170 538 2217 Δ
579 2158 608 2216 6
651 2166 783 2216 ZH·
822 2161 915 2216 καὶ
965 2159 995 2216 ὁ
1047 2164 1106 2217 ἐκ
1154 2164 1268 2217 τῶν
1307 2168 1384 2231 Α,
1426 2166 1500 2216 Μ
1530 2159 1640 2232 ἄρα
1688 2160 1837 2215 ἐστὶν
1885 2158 1916 2215 6

217 2257 342 2308 ΖΗ.
407 2250 437 2307 ὁ
484 2259 537 2307 Α
588 2250 698 2322 ἄρα
744 2250 845 2306 τὸν
887 2256 955 2305 Μ
1001 2250 1489 2315 πολλαπλασιάσας
1534 2249 1635 2305 τὸν
1676 2254 1793 2304 ΖΗ
1825 2268 1916 2304 πε-

128 2358 186 2399 25
219 2346 472 2412 ποίηκεν·
522 2339 552 2395 6
602 2346 670 2395 M
718 2338 828 2411 ἄρα
875 2337 975 2395 τὸν
1023 2345 1142 2395 ΖΗ
1184 2350 1373 2411 μετρεῖ
1414 2337 1551 2394 κατὰ
1597 2336 1694 2402 τὰς
1741 2339 1801 2393 ἐν
1840 2341 1916 2414 τῷ

341 2498 377 2534 1.
414 2488 539 2536 ἔστιν
565 2485 659 2546 ἄρα
684 2514 740 2521 -
766 2492 813 2532 2:
849 2493 912 2543 Δ,
938 2491 1047 2544 ΒΓ,
1079 2487 1144 2547 Α]
1187 2501 1276 2532 om.
1317 2502 1360 2544 q.
1426 2491 1464 2531 1.
1494 2485 1615 2544 ΓΗ]
1650 2486 1717 2539 P3-
1742 2487 1833 2528 ΗΒ
1857 2486 1918 2538 F;

217 2553 317 2595 BH
342 2549 445 2593 BV.
569 2555 609 2594 2.
642 2546 771 2620 EQ]
799 2550 840 2592 E
871 2549 1036 2604 posfiea
1065 2547 1225 2592 insert.
1259 2548 1310 2594 F.
1430 2541 1568 2604 τούς]
1603 2559 1690 2589 om.
1723 2546 1772 2589 F.
1875 2549 1918 2590 4.

218 2605 436 2659 ἅπαντας
467 2607 515 2653 F.
669 2612 709 2654 5.
743 2623 860 2664 οπερ
894 2606 992 2651 ἔδει
1025 2607 1207 2665 δεῖξαι]
1243 2621 1332 2652 om.
1364 2605 1455 2662 Bq.
1608 2605 1723 2648 Post
1763 2604 1916 2657 δεῖξαι

217 2669 267 2713 in
313 2669 350 2712 P
400 2667 507 2713 add.
546 2668 627 2711 lin.
670 2672 694 2711 7
716 2672 865 2711 —212
913 2663 996 2711 τὸν
1042 2670 1102 2711 Μ
1135 2681 1242 2711 cum
1273 2664 1551 2722 quibusdam
1591 2661 1920 2720 discrepantiis

219 2729 337 2787 (ΡΞ),
379 2728 488 2772 dein
528 2724 747 2782 περιττὸν
789 2722 953 2783 ἐχέτω,
995 2728 1043 2770 et
1074 2724 1242 2770 deinde
1285 2741 1329 2782 p.
1362 2729 1471 2780 404,
1506 2729 1530 2767 7
1556 2749 1613 2755 —
1641 2728 1694 2776 19
1729 2724 1839 2780 (P2),
1869 2721 1919 2766 in

218 2802 312 2845 mg.
346 2783 564 2844 περιττόν
599 2787 647 2830 eb
675 2784 725 2829 in
755 2786 848 2830 fine
887 2782 939 2830 τὸ
982 2782 1200 2843 περιττὸν
1237 2785 1378 2829 τοῦτο
1418 2781 1610 2841 σφάλμα
1644 2778 1782 2827 ἐστίν.
1876 2786 1917 2825 9.

221 2846 406 2905 σύμπας
439 2843 524 2891 σὺν
555 2846 613 2904 τῇ
647 2841 820 2903 μονάδι
851 2845 899 2889 F.
1006 2850 1073 2890 11.
1110 2843 1238 2889 ἔσται
1269 2843 1444 2894 τέλειος
1476 2857 1520 2898 q.
1629 2846 1699 2886 12.
1734 2836 1918 2896 ὁσοιδη-
