<?xml version="1.0" encoding="UTF-8"?>
<!DOCTYPE html PUBLIC "-//W3C//DTD XHTML 1.0 Transitional//EN"
    "http://www.w3.org/TR/xhtml1/DTD/xhtml1-transitional.dtd">
<html xmlns="http://www.w3.org/1999/xhtml" xml:lang="en" lang="en">
 <head>
  <title>
</title>
<meta http-equiv="Content-Type" content="text/html;charset=utf-8" />
  <meta name='ocr-system' content='tesseract 3.04.00' />
  <meta name='ocr-capabilities' content='ocr_page ocr_carea ocr_par ocr_line ocrx_word'/>
</head>
<body>
  <div class='ocr_page' id='page_1' title='image "./euclidisoperaomn02eucluoft_0144.png"; bbox 0 0 1988 3152; ppageno 0'>
   <div class='ocr_carea' id='block_1_1' title="bbox 156 739 181 779">
    <p class='ocr_par' dir='ltr' id='par_1_1' title="bbox 156 739 181 779">
     <span class='ocr_line' id='line_1_1' title="bbox 156 739 181 779; baseline 0 0"><span class='ocrx_word' id='word_1_1' title='bbox 156 739 181 779; x_wconf 90' lang='lat'>5</span> 
     </span>
    </p>
   </div>
   <div class='ocr_carea' id='block_1_2' title="bbox 126 1183 181 1222">
    <p class='ocr_par' dir='ltr' id='par_1_2' title="bbox 126 1183 181 1222">
     <span class='ocr_line' id='line_1_2' title="bbox 126 1183 181 1222; baseline 0.018 -1"><span class='ocrx_word' id='word_1_2' title='bbox 126 1183 181 1222; x_wconf 90' lang='lat'><strong><em>10</em></strong></span> 
     </span>
    </p>
   </div>
   <div class='ocr_carea' id='block_1_3' title="bbox 130 1625 183 1665">
    <p class='ocr_par' dir='ltr' id='par_1_3' title="bbox 130 1625 183 1665">
     <span class='ocr_line' id='line_1_3' title="bbox 130 1625 183 1665; baseline 0.019 -1"><span class='ocrx_word' id='word_1_3' title='bbox 130 1625 183 1665; x_wconf 87' lang='lat'><strong><em>15</em></strong></span> 
     </span>
    </p>
   </div>
   <div class='ocr_carea' id='block_1_4' title="bbox 126 2068 184 2107">
    <p class='ocr_par' dir='ltr' id='par_1_4' title="bbox 126 2068 184 2107">
     <span class='ocr_line' id='line_1_4' title="bbox 126 2068 184 2107; baseline 0 0"><span class='ocrx_word' id='word_1_4' title='bbox 126 2068 184 2107; x_wconf 82' lang='lat'><strong><em>20</em></strong></span> 
     </span>
    </p>
   </div>
   <div class='ocr_carea' id='block_1_5' title="bbox 129 2510 184 2550">
    <p class='ocr_par' dir='ltr' id='par_1_5' title="bbox 129 2510 184 2550">
     <span class='ocr_line' id='line_1_5' title="bbox 129 2510 184 2550; baseline 0 0"><span class='ocrx_word' id='word_1_5' title='bbox 129 2510 184 2550; x_wconf 77' lang='lat'><strong><em>25</em></strong></span> 
     </span>
    </p>
   </div>
   <div class='ocr_carea' id='block_1_6' title="bbox 216 166 1284 222">
    <p class='ocr_par' dir='ltr' id='par_1_6' title="bbox 216 166 1284 222">
     <span class='ocr_line' id='line_1_6' title="bbox 216 166 1284 222; baseline 0.003 -12"><span class='ocrx_word' id='word_1_6' title='bbox 216 171 319 222; x_wconf 78' lang='lat'><strong><em>118</em></strong></span> <span class='ocrx_word' id='word_1_7' title='bbox 858 169 1192 212; x_wconf 73' lang='grc' dir='ltr'>ΣΤΟΙΧΕΙΩΝ</span> <span class='ocrx_word' id='word_1_8' title='bbox 1223 166 1284 216; x_wconf 82' lang='grc' dir='ltr'><strong><em>ς’.</em></strong></span> 
     </span>
    </p>
   </div>
   <div class='ocr_carea' id='block_1_7' title="bbox 213 285 1910 448">
    <p class='ocr_par' dir='ltr' id='par_1_7' title="bbox 213 285 1910 448">
     <span class='ocr_line' id='line_1_7' title="bbox 213 285 1910 362; baseline -0.001 -19"><span class='ocrx_word' id='word_1_9' title='bbox 213 287 508 362; x_wconf 74' lang='grc' dir='ltr'><em>τριγώνων</em></span> <span class='ocrx_word' id='word_1_10' title='bbox 563 285 1048 343; x_wconf 79' lang='grc' dir='ltr'><strong><em>ἀντιπεπόνθασιν</em></strong></span> <span class='ocrx_word' id='word_1_11' title='bbox 1104 288 1165 352; x_wconf 67' lang='grc' dir='ltr'><strong><em>αἱ</em></strong></span> <span class='ocrx_word' id='word_1_12' title='bbox 1215 287 1451 358; x_wconf 83' lang='grc' dir='ltr'><strong><em>πλευραὶ</em></strong></span> <span class='ocrx_word' id='word_1_13' title='bbox 1506 288 1567 342; x_wconf 76' lang='grc' dir='ltr'><strong><em>αἱ</em></strong></span> <span class='ocrx_word' id='word_1_14' title='bbox 1625 287 1749 359; x_wconf 85' lang='grc' dir='ltr'><strong><em>περὶ</em></strong></span> <span class='ocrx_word' id='word_1_15' title='bbox 1811 286 1910 354; x_wconf 83' lang='grc' dir='ltr'><strong><em>τὰς</em></strong></span> 
     </span>
     <span class='ocr_line' id='line_1_8' title="bbox 215 374 1760 448; baseline 0 -16"><span class='ocrx_word' id='word_1_16' title='bbox 215 384 338 443; x_wconf 90' lang='grc' dir='ltr'><strong><em>ἴσας</em></strong></span> <span class='ocrx_word' id='word_1_17' title='bbox 375 381 607 448; x_wconf 92' lang='grc' dir='ltr'><strong><em>γωνίας,</em></strong></span> <span class='ocrx_word' id='word_1_18' title='bbox 650 378 835 431; x_wconf 76' lang='grc' dir='ltr'><strong><em>ἐκεῖνα</em></strong></span> <span class='ocrx_word' id='word_1_19' title='bbox 876 381 970 430; x_wconf 91' lang='grc' dir='ltr'><strong><em>ἴσα</em></strong></span> <span class='ocrx_word' id='word_1_20' title='bbox 1011 376 1183 430; x_wconf 82' lang='grc' dir='ltr'><strong><em>ἐστίν·</em></strong></span> <span class='ocrx_word' id='word_1_21' title='bbox 1241 374 1375 447; x_wconf 83' lang='grc' dir='ltr'><strong><em>ὅπερ</em></strong></span> <span class='ocrx_word' id='word_1_22' title='bbox 1418 378 1530 431; x_wconf 81' lang='grc' dir='ltr'><strong><em>ἔδει</em></strong></span> <span class='ocrx_word' id='word_1_23' title='bbox 1570 378 1760 443; x_wconf 81' lang='grc' dir='ltr'><strong><em>δεῖξαι.</em></strong></span> 
     </span>
    </p>
   </div>
   <div class='ocr_carea' id='block_1_8' title="bbox 211 536 1917 2663">
    <p class='ocr_par' dir='ltr' id='par_1_8' title="bbox 1018 536 1110 596">
     <span class='ocr_line' id='line_1_9' title="bbox 1018 536 1110 596; baseline 0 -2"><span class='ocrx_word' id='word_1_24' title='bbox 1018 536 1110 596; x_wconf 87' lang='grc' dir='ltr'><strong><em>ις’.</em></strong></span> 
     </span>
    </p>

    <p class='ocr_par' dir='ltr' id='par_1_9' title="bbox 211 634 1915 1243">
     <span class='ocr_line' id='line_1_10' title="bbox 322 634 1910 713; baseline 0.001 -17"><span class='ocrx_word' id='word_1_25' title='bbox 322 639 470 697; x_wconf 78' lang='grc' dir='ltr'><strong><em>Ἐὰν</em></strong></span> <span class='ocrx_word' id='word_1_26' title='bbox 523 642 838 713; x_wconf 85' lang='grc' dir='ltr'><strong><em>τέσσαρες</em></strong></span> <span class='ocrx_word' id='word_1_27' title='bbox 895 638 1155 696; x_wconf 79' lang='grc' dir='ltr'><strong><em>εὐθεῖαι</em></strong></span> <span class='ocrx_word' id='word_1_28' title='bbox 1213 637 1554 711; x_wconf 80' lang='grc' dir='ltr'><strong><em>ἀνάλογον</em></strong></span> <span class='ocrx_word' id='word_1_29' title='bbox 1603 634 1786 712; x_wconf 68' lang='grc' dir='ltr'><strong><em>οἷσιν,</em></strong></span> <span class='ocrx_word' id='word_1_30' title='bbox 1840 640 1910 697; x_wconf 89' lang='grc' dir='ltr'><strong><em>τὸ</em></strong></span> 
     </span>
     <span class='ocr_line' id='line_1_11' title="bbox 214 726 1912 802; baseline -0.001 -15"><span class='ocrx_word' id='word_1_31' title='bbox 214 728 336 787; x_wconf 75' lang='grc' dir='ltr'><strong><em>ὑπὸ</em></strong></span> <span class='ocrx_word' id='word_1_32' title='bbox 372 732 502 786; x_wconf 81' lang='grc' dir='ltr'><strong><em>τῶν</em></strong></span> <span class='ocrx_word' id='word_1_33' title='bbox 534 728 754 802; x_wconf 77' lang='grc' dir='ltr'><strong><em>ἄκρων</em></strong></span> <span class='ocrx_word' id='word_1_34' title='bbox 787 726 1732 801; x_wconf 11' lang='grc' dir='ltr'><strong><em>περιεχόμενονῖὀρθογωνιον</em></strong></span> <span class='ocrx_word' id='word_1_35' title='bbox 1765 736 1912 786; x_wconf 89' lang='grc' dir='ltr'><strong><em>ἴσον</em></strong></span> 
     </span>
     <span class='ocr_line' id='line_1_12' title="bbox 213 816 1911 895; baseline 0 -21"><span class='ocrx_word' id='word_1_36' title='bbox 213 819 350 874; x_wconf 79' lang='grc' dir='ltr'><strong><em>ἐστὶ</em></strong></span> <span class='ocrx_word' id='word_1_37' title='bbox 412 821 496 895; x_wconf 80' lang='grc' dir='ltr'><strong><em>τῷ</em></strong></span> <span class='ocrx_word' id='word_1_38' title='bbox 559 816 685 873; x_wconf 85' lang='grc' dir='ltr'><strong><em>ὑπὸ</em></strong></span> <span class='ocrx_word' id='word_1_39' title='bbox 743 820 874 873; x_wconf 73' lang='grc' dir='ltr'><strong><em>τ’ὤν</em></strong></span> <span class='ocrx_word' id='word_1_40' title='bbox 937 817 1154 887; x_wconf 82' lang='grc' dir='ltr'><strong><em>μέσων</em></strong></span> <span class='ocrx_word' id='word_1_41' title='bbox 1210 818 1656 893; x_wconf 77' lang='grc' dir='ltr'><strong><em>περιεχομένῳ</em></strong></span> <span class='ocrx_word' id='word_1_42' title='bbox 1713 816 1911 891; x_wconf 91' lang='grc' dir='ltr'><strong><em>ὀρθο-</em></strong></span> 
     </span>
     <span class='ocr_line' id='line_1_13' title="bbox 211 901 1912 981; baseline 0.001 -19"><span class='ocrx_word' id='word_1_43' title='bbox 211 911 452 981; x_wconf 90' lang='grc' dir='ltr'><strong><em>γωνίῳ·</em></strong></span> <span class='ocrx_word' id='word_1_44' title='bbox 507 901 629 960; x_wconf 74' lang='grc' dir='ltr'><strong><em>κᾶν</em></strong></span> <span class='ocrx_word' id='word_1_45' title='bbox 682 902 751 960; x_wconf 89' lang='grc' dir='ltr'><strong><em>τὸ</em></strong></span> <span class='ocrx_word' id='word_1_46' title='bbox 808 901 932 960; x_wconf 80' lang='grc' dir='ltr'><strong><em>ὑπὸ</em></strong></span> <span class='ocrx_word' id='word_1_47' title='bbox 984 908 1111 960; x_wconf 77' lang='grc' dir='ltr'><strong><em>τῶν</em></strong></span> <span class='ocrx_word' id='word_1_48' title='bbox 1160 903 1380 977; x_wconf 73' lang='grc' dir='ltr'><strong><em>ἄκρων</em></strong></span> <span class='ocrx_word' id='word_1_49' title='bbox 1434 905 1912 978; x_wconf 89' lang='grc' dir='ltr'><strong><em>περιεχόμενον</em></strong></span> 
     </span>
     <span class='ocr_line' id='line_1_14' title="bbox 215 986 1915 1069; baseline 0 -19"><span class='ocrx_word' id='word_1_50' title='bbox 215 993 638 1067; x_wconf 75' lang='grc' dir='ltr'><strong><em>ὀρθογώνιον</em></strong></span> <span class='ocrx_word' id='word_1_51' title='bbox 680 1000 831 1049; x_wconf 91' lang='grc' dir='ltr'><strong><em>ἴσον</em></strong></span> <span class='ocrx_word' id='word_1_52' title='bbox 870 986 905 1066; x_wconf 80' lang='grc' dir='ltr'><em>ᾗ</em></span> <span class='ocrx_word' id='word_1_53' title='bbox 946 996 1030 1069; x_wconf 78' lang='grc' dir='ltr'><strong><em>τῷ</em></strong></span> <span class='ocrx_word' id='word_1_54' title='bbox 1079 990 1206 1049; x_wconf 85' lang='grc' dir='ltr'><strong><em>ὑπὸ</em></strong></span> <span class='ocrx_word' id='word_1_55' title='bbox 1258 996 1393 1050; x_wconf 77' lang='grc' dir='ltr'><strong><em>τῶν</em></strong></span> <span class='ocrx_word' id='word_1_56' title='bbox 1438 995 1653 1065; x_wconf 83' lang='grc' dir='ltr'><strong><em>μέσων</em></strong></span> <span class='ocrx_word' id='word_1_57' title='bbox 1699 1015 1915 1066; x_wconf 90' lang='grc' dir='ltr'><strong><em>περιε-</em></strong></span> 
     </span>
     <span class='ocr_line' id='line_1_15' title="bbox 213 1080 1915 1159; baseline -0.001 -20"><span class='ocrx_word' id='word_1_58' title='bbox 213 1085 467 1159; x_wconf 85' lang='grc' dir='ltr'><strong><em>χομένῳ</em></strong></span> <span class='ocrx_word' id='word_1_59' title='bbox 510 1081 931 1157; x_wconf 88' lang='grc' dir='ltr'><strong><em>ὀρθογωνίῳ,</em></strong></span> <span class='ocrx_word' id='word_1_60' title='bbox 974 1083 1043 1136; x_wconf 77' lang='grc' dir='ltr'><strong><em>αἱ</em></strong></span> <span class='ocrx_word' id='word_1_61' title='bbox 1077 1081 1392 1155; x_wconf 77' lang='grc' dir='ltr'><strong><em>τέσσαρες</em></strong></span> <span class='ocrx_word' id='word_1_62' title='bbox 1448 1080 1718 1138; x_wconf 80' lang='grc' dir='ltr'><strong><em>εὐθεῖαι</em></strong></span> <span class='ocrx_word' id='word_1_63' title='bbox 1762 1081 1915 1139; x_wconf 71' lang='grc' dir='ltr'><strong><em>οἰνά-</em></strong></span> 
     </span>
     <span class='ocr_line' id='line_1_16' title="bbox 213 1177 743 1243; baseline -0.004 -16"><span class='ocrx_word' id='word_1_64' title='bbox 213 1178 417 1243; x_wconf 81' lang='grc' dir='ltr'><strong><em>λογον</em></strong></span> <span class='ocrx_word' id='word_1_65' title='bbox 458 1177 743 1227; x_wconf 84' lang='grc' dir='ltr'><strong><em>ἔσονται.</em></strong></span> 
     </span>
    </p>

    <p class='ocr_par' dir='ltr' id='par_1_10' title="bbox 212 1257 1916 1690">
     <span class='ocr_line' id='line_1_17' title="bbox 311 1257 1910 1334; baseline 0 -18"><span class='ocrx_word' id='word_1_66' title='bbox 311 1259 606 1316; x_wconf 77' lang='grc' dir='ltr'><strong><em>’Ἑστωσαν</em></strong></span> <span class='ocrx_word' id='word_1_67' title='bbox 645 1260 906 1331; x_wconf 86' lang='grc' dir='ltr'><strong><em>τέσσαρες</em></strong></span> <span class='ocrx_word' id='word_1_68' title='bbox 947 1258 1166 1315; x_wconf 78' lang='grc' dir='ltr'><strong><em>εὐθεῖαι</em></strong></span> <span class='ocrx_word' id='word_1_69' title='bbox 1206 1257 1494 1330; x_wconf 79' lang='grc' dir='ltr'><strong><em>ἀνάλογον</em></strong></span> <span class='ocrx_word' id='word_1_70' title='bbox 1533 1261 1595 1314; x_wconf 78' lang='grc' dir='ltr'><strong><em>αἱ</em></strong></span> <span class='ocrx_word' id='word_1_71' title='bbox 1631 1266 1758 1330; x_wconf 91' lang='grc' dir='ltr'><strong><em>ΑΒ,</em></strong></span> <span class='ocrx_word' id='word_1_72' title='bbox 1784 1265 1910 1334; x_wconf 79' lang='grc' dir='ltr'><strong><em>ΓΔ,</em></strong></span> 
     </span>
     <span class='ocr_line' id='line_1_18' title="bbox 214 1345 1916 1422; baseline 0.001 -18"><span class='ocrx_word' id='word_1_73' title='bbox 214 1355 289 1420; x_wconf 93' lang='grc' dir='ltr'><strong><em>Ε,</em></strong></span> <span class='ocrx_word' id='word_1_74' title='bbox 325 1355 397 1420; x_wconf 93' lang='grc' dir='ltr'><strong><em>Ζ,</em></strong></span> <span class='ocrx_word' id='word_1_75' title='bbox 455 1346 530 1414; x_wconf 74' lang='grc' dir='ltr'><strong><em>ὥς</em></strong></span> <span class='ocrx_word' id='word_1_76' title='bbox 582 1346 615 1420; x_wconf 80' lang='grc' dir='ltr'>ἡ</span> <span class='ocrx_word' id='word_1_77' title='bbox 667 1354 776 1403; x_wconf 91' lang='grc' dir='ltr'><strong><em>ΑΒ</em></strong></span> <span class='ocrx_word' id='word_1_78' title='bbox 826 1346 965 1419; x_wconf 88' lang='grc' dir='ltr'><strong><em>πρὸς</em></strong></span> <span class='ocrx_word' id='word_1_79' title='bbox 1025 1346 1129 1419; x_wconf 86' lang='grc' dir='ltr'><strong><em>τὴν</em></strong></span> <span class='ocrx_word' id='word_1_80' title='bbox 1176 1353 1312 1418; x_wconf 89' lang='grc' dir='ltr'><strong><em>ΓΔ,</em></strong></span> <span class='ocrx_word' id='word_1_81' title='bbox 1370 1346 1546 1413; x_wconf 79' lang='grc' dir='ltr'><strong><em>οὕτως</em></strong></span> <span class='ocrx_word' id='word_1_82' title='bbox 1594 1345 1628 1419; x_wconf 84' lang='grc' dir='ltr'><em>ἡ</em></span> <span class='ocrx_word' id='word_1_83' title='bbox 1679 1355 1732 1404; x_wconf 90' lang='grc' dir='ltr'><em>Ε</em></span> <span class='ocrx_word' id='word_1_84' title='bbox 1775 1349 1916 1422; x_wconf 85' lang='grc' dir='ltr'><strong><em>πρὸς</em></strong></span> 
     </span>
     <span class='ocr_line' id='line_1_19' title="bbox 212 1434 1915 1509; baseline 0.002 -17"><span class='ocrx_word' id='word_1_85' title='bbox 212 1435 315 1508; x_wconf 86' lang='grc' dir='ltr'><strong><em>τὴν</em></strong></span> <span class='ocrx_word' id='word_1_86' title='bbox 367 1442 434 1491; x_wconf 91' lang='grc' dir='ltr'><strong><em>Ζ·</em></strong></span> <span class='ocrx_word' id='word_1_87' title='bbox 482 1437 650 1508; x_wconf 84' lang='grc' dir='ltr'><strong><em>λέγω,</em></strong></span> <span class='ocrx_word' id='word_1_88' title='bbox 701 1434 786 1492; x_wconf 82' lang='grc' dir='ltr'><strong><em>ὅτι</em></strong></span> <span class='ocrx_word' id='word_1_89' title='bbox 833 1434 896 1492; x_wconf 88' lang='grc' dir='ltr'><strong><em>τὸ</em></strong></span> <span class='ocrx_word' id='word_1_90' title='bbox 947 1434 1057 1491; x_wconf 84' lang='grc' dir='ltr'><strong><em>ὑπὸ</em></strong></span> <span class='ocrx_word' id='word_1_91' title='bbox 1106 1438 1222 1492; x_wconf 75' lang='grc' dir='ltr'><strong><em>τῶν</em></strong></span> <span class='ocrx_word' id='word_1_92' title='bbox 1262 1442 1397 1506; x_wconf 90' lang='grc' dir='ltr'><strong><em>ΑΒ,</em></strong></span> <span class='ocrx_word' id='word_1_93' title='bbox 1426 1442 1481 1490; x_wconf 63' lang='lat' dir='ltr'><strong><em>Z&gt;</em></strong></span> <span class='ocrx_word' id='word_1_94' title='bbox 1519 1437 1915 1509; x_wconf 82' lang='grc' dir='ltr'><strong><em>περιεχόμενον</em></strong></span> 
     </span>
     <span class='ocr_line' id='line_1_20' title="bbox 217 1521 1915 1601; baseline 0.002 -22"><span class='ocrx_word' id='word_1_95' title='bbox 217 1521 581 1597; x_wconf 77' lang='grc' dir='ltr'><strong><em>ὀρθογώνιον</em></strong></span> <span class='ocrx_word' id='word_1_96' title='bbox 633 1531 759 1580; x_wconf 91' lang='grc' dir='ltr'><strong><em>ἴσον</em></strong></span> <span class='ocrx_word' id='word_1_97' title='bbox 810 1525 925 1580; x_wconf 81' lang='grc' dir='ltr'><strong><em>ἐστὶ</em></strong></span> <span class='ocrx_word' id='word_1_98' title='bbox 971 1528 1047 1601; x_wconf 77' lang='grc' dir='ltr'><strong><em>τῷ</em></strong></span> <span class='ocrx_word' id='word_1_99' title='bbox 1097 1522 1206 1580; x_wconf 86' lang='grc' dir='ltr'><strong><em>ὑπὸ</em></strong></span> <span class='ocrx_word' id='word_1_100' title='bbox 1257 1527 1371 1581; x_wconf 74' lang='grc' dir='ltr'><strong><em>τῶν</em></strong></span> <span class='ocrx_word' id='word_1_101' title='bbox 1420 1528 1627 1595; x_wconf 80' lang='grc' dir='ltr'><em>ΓΔ,-Ε</em></span> <span class='ocrx_word' id='word_1_102' title='bbox 1670 1546 1915 1599; x_wconf 88' lang='grc' dir='ltr'><strong><em>περιεχο-</em></strong></span> 
     </span>
     <span class='ocr_line' id='line_1_21' title="bbox 216 1614 756 1690; baseline 0.002 -21"><span class='ocrx_word' id='word_1_103' title='bbox 216 1614 364 1690; x_wconf 81' lang='grc' dir='ltr'><strong><em>μένῳ</em></strong></span> <span class='ocrx_word' id='word_1_104' title='bbox 407 1615 756 1689; x_wconf 86' lang='grc' dir='ltr'><strong><em>ὀρθογωνίῳ.</em></strong></span> 
     </span>
    </p>

    <p class='ocr_par' dir='ltr' id='par_1_11' title="bbox 213 1699 1915 2042">
     <span class='ocr_line' id='line_1_22' title="bbox 313 1699 1915 1775; baseline 0.001 -17"><span class='ocrx_word' id='word_1_105' title='bbox 313 1701 624 1775; x_wconf 76' lang='grc' dir='ltr'><strong><em>’Ὴχθωσαν</em></strong></span> <span class='ocrx_word' id='word_1_106' title='bbox 667 1701 820 1774; x_wconf 80' lang='grc' dir='ltr'><strong><em>[γὰρ]</em></strong></span> <span class='ocrx_word' id='word_1_107' title='bbox 863 1699 972 1758; x_wconf 83' lang='grc' dir='ltr'><strong><em>ἀπὸ</em></strong></span> <span class='ocrx_word' id='word_1_108' title='bbox 1013 1704 1126 1758; x_wconf 80' lang='grc' dir='ltr'><strong><em>τῶν</em></strong></span> <span class='ocrx_word' id='word_1_109' title='bbox 1167 1710 1237 1773; x_wconf 93' lang='grc' dir='ltr'><strong><em>Α,</em></strong></span> <span class='ocrx_word' id='word_1_110' title='bbox 1263 1706 1316 1758; x_wconf 93' lang='grc' dir='ltr'>Γ</span> <span class='ocrx_word' id='word_1_111' title='bbox 1348 1706 1594 1773; x_wconf 83' lang='grc' dir='ltr'><strong><em>σημείων</em></strong></span> <span class='ocrx_word' id='word_1_112' title='bbox 1633 1714 1752 1770; x_wconf 79' lang='grc' dir='ltr'><strong><em>ταῖς</em></strong></span> <span class='ocrx_word' id='word_1_113' title='bbox 1783 1711 1836 1759; x_wconf 91' lang='grc' dir='ltr'><em>Α</em></span> <span class='ocrx_word' id='word_1_114' title='bbox 1849 1710 1915 1774; x_wconf 89' lang='grc' dir='ltr'><strong><em>Β,</em></strong></span> 
     </span>
     <span class='ocr_line' id='line_1_23' title="bbox 213 1789 1915 1864; baseline 0.001 -17"><span class='ocrx_word' id='word_1_115' title='bbox 213 1796 328 1847; x_wconf 92' lang='grc' dir='ltr'><strong><em>ΓΔ</em></strong></span> <span class='ocrx_word' id='word_1_116' title='bbox 381 1790 631 1858; x_wconf 83' lang='grc' dir='ltr'><strong><em>εὐθείαις</em></strong></span> <span class='ocrx_word' id='word_1_117' title='bbox 685 1790 824 1864; x_wconf 88' lang='grc' dir='ltr'><strong><em>πρὸς</em></strong></span> <span class='ocrx_word' id='word_1_118' title='bbox 881 1789 1060 1863; x_wconf 80' lang='grc' dir='ltr'><strong><em>ὀρθὰς</em></strong></span> <span class='ocrx_word' id='word_1_119' title='bbox 1111 1792 1174 1845; x_wconf 75' lang='grc' dir='ltr'><strong><em>αἱ</em></strong></span> <span class='ocrx_word' id='word_1_120' title='bbox 1221 1795 1355 1862; x_wconf 85' lang='grc' dir='ltr'><strong><em>ΑΗ,</em></strong></span> <span class='ocrx_word' id='word_1_121' title='bbox 1381 1795 1501 1862; x_wconf 83' lang='grc' dir='ltr'><strong><em>ΓΘ,</em></strong></span> <span class='ocrx_word' id='word_1_122' title='bbox 1557 1791 1651 1846; x_wconf 71' lang='grc' dir='ltr'><strong><em>καὶ</em></strong></span> <span class='ocrx_word' id='word_1_123' title='bbox 1703 1796 1915 1849; x_wconf 84' lang='grc' dir='ltr'><strong><em>κείσθω</em></strong></span> 
     </span>
     <span class='ocr_line' id='line_1_24' title="bbox 214 1877 1915 1954; baseline 0.001 -20"><span class='ocrx_word' id='word_1_124' title='bbox 214 1883 280 1952; x_wconf 83' lang='grc' dir='ltr'><strong><em>τῇ</em></strong></span> <span class='ocrx_word' id='word_1_125' title='bbox 321 1879 425 1951; x_wconf 77' lang='grc' dir='ltr'><strong><em>μὲν</em></strong></span> <span class='ocrx_word' id='word_1_126' title='bbox 467 1886 512 1935; x_wconf 95' lang='grc' dir='ltr'><em>Ζ</em></span> <span class='ocrx_word' id='word_1_127' title='bbox 554 1887 644 1951; x_wconf 91' lang='grc' dir='ltr'><strong><em>ἴση</em></strong></span> <span class='ocrx_word' id='word_1_128' title='bbox 685 1878 719 1952; x_wconf 81' lang='grc' dir='ltr'>ἡ</span> <span class='ocrx_word' id='word_1_129' title='bbox 761 1885 904 1949; x_wconf 87' lang='grc' dir='ltr'><strong><em>ΑΗ,</em></strong></span> <span class='ocrx_word' id='word_1_130' title='bbox 950 1882 1015 1954; x_wconf 81' lang='grc' dir='ltr'><strong><em>τῇ</em></strong></span> <span class='ocrx_word' id='word_1_131' title='bbox 1059 1879 1121 1935; x_wconf 73' lang='grc' dir='ltr'><strong><em>δὲ</em></strong></span> <span class='ocrx_word' id='word_1_132' title='bbox 1161 1886 1213 1935; x_wconf 91' lang='grc' dir='ltr'><em>Ε</em></span> <span class='ocrx_word' id='word_1_133' title='bbox 1249 1886 1342 1951; x_wconf 89' lang='grc' dir='ltr'><strong><em>ἴση</em></strong></span> <span class='ocrx_word' id='word_1_134' title='bbox 1382 1877 1418 1951; x_wconf 79' lang='grc' dir='ltr'>ἡ</span> <span class='ocrx_word' id='word_1_135' title='bbox 1458 1883 1574 1935; x_wconf 82' lang='grc' dir='ltr'><strong><em>ΓΘ.</em></strong></span> <span class='ocrx_word' id='word_1_136' title='bbox 1637 1880 1728 1935; x_wconf 86' lang='grc' dir='ltr'><strong><em>καὶ</em></strong></span> <span class='ocrx_word' id='word_1_137' title='bbox 1778 1896 1915 1953; x_wconf 84' lang='grc' dir='ltr'><strong><em>συμ-</em></strong></span> 
     </span>
     <span class='ocr_line' id='line_1_25' title="bbox 214 1967 1639 2042; baseline 0.001 -19"><span class='ocrx_word' id='word_1_138' title='bbox 214 1968 610 2041; x_wconf 74' lang='grc' dir='ltr'><strong><em>πεπληρώσθω</em></strong></span> <span class='ocrx_word' id='word_1_139' title='bbox 650 1967 718 2023; x_wconf 83' lang='grc' dir='ltr'><strong><em>τὰ</em></strong></span> <span class='ocrx_word' id='word_1_140' title='bbox 758 1974 898 2040; x_wconf 90' lang='grc' dir='ltr'><strong><em>ΒΗ,</em></strong></span> <span class='ocrx_word' id='word_1_141' title='bbox 926 1969 1639 2042; x_wconf 74' lang='grc' dir='ltr'><strong><em>ΔΘπαραλληλόγραμμα.</em></strong></span> 
     </span>
    </p>

    <p class='ocr_par' dir='ltr' id='par_1_12' title="bbox 214 2054 1917 2663">
     <span class='ocr_line' id='line_1_26' title="bbox 327 2054 1912 2130; baseline 0 -16"><span class='ocrx_word' id='word_1_142' title='bbox 327 2058 443 2114; x_wconf 86' lang='grc' dir='ltr'><strong><em>Καὶ</em></strong></span> <span class='ocrx_word' id='word_1_143' title='bbox 486 2060 606 2114; x_wconf 87' lang='grc' dir='ltr'><strong><em>ε’πεί</em></strong></span> <span class='ocrx_word' id='word_1_144' title='bbox 642 2060 791 2114; x_wconf 65' lang='grc' dir='ltr'><strong><em>ἐστιν</em></strong></span> <span class='ocrx_word' id='word_1_145' title='bbox 832 2055 908 2123; x_wconf 77' lang='grc' dir='ltr'><strong><em>ὥς</em></strong></span> <span class='ocrx_word' id='word_1_146' title='bbox 945 2054 979 2129; x_wconf 83' lang='grc' dir='ltr'><em>ἡ</em></span> <span class='ocrx_word' id='word_1_147' title='bbox 1022 2063 1145 2113; x_wconf 43' lang='grc' dir='ltr'><strong><em>ΑΒἶ</em></strong></span> <span class='ocrx_word' id='word_1_148' title='bbox 1170 2055 1310 2130; x_wconf 83' lang='grc' dir='ltr'><strong><em>πρὸς</em></strong></span> <span class='ocrx_word' id='word_1_149' title='bbox 1347 2055 1621 2128; x_wconf 32' lang='grc' dir='ltr'><strong><em>τὴνίΓΔ,</em></strong></span> <span class='ocrx_word' id='word_1_150' title='bbox 1662 2057 1839 2123; x_wconf 79' lang='grc' dir='ltr'><strong><em>οὕτως</em></strong></span> <span class='ocrx_word' id='word_1_151' title='bbox 1877 2080 1912 2129; x_wconf 91' lang='grc' dir='ltr'><strong><em>η</em></strong></span> 
     </span>
     <span class='ocr_line' id='line_1_27' title="bbox 216 2144 1916 2220; baseline 0 -19"><span class='ocrx_word' id='word_1_152' title='bbox 216 2153 269 2201; x_wconf 92' lang='grc' dir='ltr'><em>Ε</em></span> <span class='ocrx_word' id='word_1_153' title='bbox 303 2145 443 2219; x_wconf 86' lang='grc' dir='ltr'><strong><em>πρὸς</em></strong></span> <span class='ocrx_word' id='word_1_154' title='bbox 497 2146 602 2217; x_wconf 82' lang='grc' dir='ltr'><strong><em>τὴν</em></strong></span> <span class='ocrx_word' id='word_1_155' title='bbox 643 2153 712 2216; x_wconf 83' lang='grc' dir='ltr'><strong><em>Ζ,</em></strong></span> <span class='ocrx_word' id='word_1_156' title='bbox 763 2153 856 2218; x_wconf 82' lang='grc' dir='ltr'><strong><em>ἴση</em></strong></span> <span class='ocrx_word' id='word_1_157' title='bbox 913 2146 976 2203; x_wconf 74' lang='grc' dir='ltr'><strong><em>δὲ</em></strong></span> <span class='ocrx_word' id='word_1_158' title='bbox 1014 2145 1048 2218; x_wconf 82' lang='grc' dir='ltr'>ἡ</span> <span class='ocrx_word' id='word_1_159' title='bbox 1089 2147 1192 2218; x_wconf 76' lang='grc' dir='ltr'><strong><em>μὲν</em></strong></span> <span class='ocrx_word' id='word_1_160' title='bbox 1232 2153 1285 2202; x_wconf 92' lang='grc' dir='ltr'><em>Ε</em></span> <span class='ocrx_word' id='word_1_161' title='bbox 1319 2150 1383 2220; x_wconf 82' lang='grc' dir='ltr'><strong><em>τῇ</em></strong></span> <span class='ocrx_word' id='word_1_162' title='bbox 1427 2151 1547 2218; x_wconf 81' lang='grc' dir='ltr'><strong><em>ΓΘ,</em></strong></span> <span class='ocrx_word' id='word_1_163' title='bbox 1587 2144 1623 2218; x_wconf 81' lang='grc' dir='ltr'><em>ἡ</em></span> <span class='ocrx_word' id='word_1_164' title='bbox 1665 2146 1728 2202; x_wconf 71' lang='grc' dir='ltr'><strong><em>δὲ</em></strong></span> <span class='ocrx_word' id='word_1_165' title='bbox 1767 2152 1811 2201; x_wconf 93' lang='grc' dir='ltr'>Ζ</span> <span class='ocrx_word' id='word_1_166' title='bbox 1850 2149 1916 2219; x_wconf 81' lang='grc' dir='ltr'><strong><em>τῇ</em></strong></span> 
     </span>
     <span class='ocr_line' id='line_1_28' title="bbox 215 2232 1916 2308; baseline 0.001 -19"><span class='ocrx_word' id='word_1_167' title='bbox 215 2241 360 2305; x_wconf 90' lang='grc' dir='ltr'><strong><em>ΑΗ,</em></strong></span> <span class='ocrx_word' id='word_1_168' title='bbox 390 2239 570 2291; x_wconf 61' lang='grc' dir='ltr'><strong><em>..ἔστιν</em></strong></span> <span class='ocrx_word' id='word_1_169' title='bbox 624 2234 735 2308; x_wconf 77' lang='grc' dir='ltr'><strong><em>ἄρα</em></strong></span> <span class='ocrx_word' id='word_1_170' title='bbox 783 2233 859 2301; x_wconf 79' lang='grc' dir='ltr'><strong><em>ὡς</em></strong></span> <span class='ocrx_word' id='word_1_171' title='bbox 905 2233 940 2307; x_wconf 84' lang='grc' dir='ltr'>ἡ</span> <span class='ocrx_word' id='word_1_172' title='bbox 988 2242 1097 2291; x_wconf 91' lang='lat' dir='ltr'><strong><em>AB</em></strong></span> <span class='ocrx_word' id='word_1_173' title='bbox 1145 2234 1283 2308; x_wconf 89' lang='grc' dir='ltr'><strong><em>πρὸς</em></strong></span> <span class='ocrx_word' id='word_1_174' title='bbox 1328 2234 1433 2306; x_wconf 84' lang='grc' dir='ltr'><strong><em>τὴν</em></strong></span> <span class='ocrx_word' id='word_1_175' title='bbox 1480 2239 1608 2305; x_wconf 91' lang='grc' dir='ltr'><strong><em>ΓΛ,</em></strong></span> <span class='ocrx_word' id='word_1_176' title='bbox 1658 2232 1835 2300; x_wconf 78' lang='grc' dir='ltr'><strong><em>οὕτως</em></strong></span> <span class='ocrx_word' id='word_1_177' title='bbox 1881 2233 1916 2306; x_wconf 81' lang='grc' dir='ltr'><em>ἡ</em></span> 
     </span>
     <span class='ocr_line' id='line_1_29' title="bbox 214 2321 1915 2396; baseline 0.001 -18"><span class='ocrx_word' id='word_1_178' title='bbox 214 2322 503 2396; x_wconf 74' lang='grc' dir='ltr'><strong><em>ΓΘπρὸς</em></strong></span> <span class='ocrx_word' id='word_1_179' title='bbox 554 2322 660 2395; x_wconf 87' lang='grc' dir='ltr'><strong><em>τὴν</em></strong></span> <span class='ocrx_word' id='word_1_180' title='bbox 707 2330 838 2380; x_wconf 90' lang='lat' dir='ltr'><strong>AH.</strong></span> <span class='ocrx_word' id='word_1_181' title='bbox 917 2326 1030 2380; x_wconf 82' lang='grc' dir='ltr'><strong><em>τῶν</em></strong></span> <span class='ocrx_word' id='word_1_182' title='bbox 1069 2330 1209 2395; x_wconf 90' lang='grc' dir='ltr'><strong><em>ΒΗ,</em></strong></span> <span class='ocrx_word' id='word_1_183' title='bbox 1244 2330 1355 2379; x_wconf 82' lang='grc' dir='ltr'><strong><em>ΔΘ</em></strong></span> <span class='ocrx_word' id='word_1_184' title='bbox 1407 2321 1518 2396; x_wconf 76' lang='grc' dir='ltr'><strong><em>ἄρα</em></strong></span> <span class='ocrx_word' id='word_1_185' title='bbox 1570 2328 1915 2396; x_wconf 76' lang='grc' dir='ltr'><strong><em>παραλληλο-</em></strong></span> 
     </span>
     <span class='ocr_line' id='line_1_30' title="bbox 214 2410 1917 2484; baseline 0.001 -18"><span class='ocrx_word' id='word_1_186' title='bbox 214 2412 486 2484; x_wconf 78' lang='grc' dir='ltr'><strong><em>γράμμων</em></strong></span> <span class='ocrx_word' id='word_1_187' title='bbox 548 2410 1034 2469; x_wconf 76' lang='grc' dir='ltr'><strong><em>ἀντιπεπόνθασιν</em></strong></span> <span class='ocrx_word' id='word_1_188' title='bbox 1097 2414 1160 2467; x_wconf 78' lang='grc' dir='ltr'><strong><em>αἱ</em></strong></span> <span class='ocrx_word' id='word_1_189' title='bbox 1217 2411 1450 2484; x_wconf 83' lang='grc' dir='ltr'><strong><em>πλευραὶ</em></strong></span> <span class='ocrx_word' id='word_1_190' title='bbox 1514 2414 1577 2466; x_wconf 74' lang='grc' dir='ltr'><strong><em>αἱ</em></strong></span> <span class='ocrx_word' id='word_1_191' title='bbox 1633 2413 1758 2484; x_wconf 80' lang='grc' dir='ltr'><strong><em>περὶ</em></strong></span> <span class='ocrx_word' id='word_1_192' title='bbox 1820 2410 1917 2478; x_wconf 82' lang='grc' dir='ltr'><strong><em>τὰς</em></strong></span> 
     </span>
     <span class='ocr_line' id='line_1_31' title="bbox 219 2493 1916 2572; baseline 0.001 -18"><span class='ocrx_word' id='word_1_193' title='bbox 219 2505 354 2566; x_wconf 78' lang='grc' dir='ltr'><strong><em>ἴσας,</em></strong></span> <span class='ocrx_word' id='word_1_194' title='bbox 396 2504 619 2571; x_wconf 88' lang='grc' dir='ltr'><strong><em>γωνίας.</em></strong></span> <span class='ocrx_word' id='word_1_195' title='bbox 690 2493 772 2557; x_wconf 69' lang='grc' dir='ltr'><strong><em>ὧν</em></strong></span> <span class='ocrx_word' id='word_1_196' title='bbox 829 2499 892 2557; x_wconf 75' lang='grc' dir='ltr'><strong><em>δὲ</em></strong></span> <span class='ocrx_word' id='word_1_197' title='bbox 946 2503 1262 2572; x_wconf 82' lang='grc' dir='ltr'><strong><em>ἰσογωνίων</em></strong></span> <span class='ocrx_word' id='word_1_198' title='bbox 1318 2498 1916 2572; x_wconf 76' lang='grc' dir='ltr'><strong><em>παραλληλογράμμων</em></strong></span> 
     </span>
     <span class='ocr_line' id='line_1_32' title="bbox 215 2586 1915 2663; baseline 0.001 -20"><span class='ocrx_word' id='word_1_199' title='bbox 215 2587 698 2645; x_wconf 82' lang='grc' dir='ltr'><strong><em>ἀντιπεπόνθασιν</em></strong></span> <span class='ocrx_word' id='word_1_200' title='bbox 739 2592 801 2644; x_wconf 74' lang='grc' dir='ltr'><strong><em>αἱ</em></strong></span> <span class='ocrx_word' id='word_1_201' title='bbox 836 2590 1069 2663; x_wconf 85' lang='grc' dir='ltr'><strong><em>πλευραὶ</em></strong></span> <span class='ocrx_word' id='word_1_202' title='bbox 1111 2591 1173 2644; x_wconf 81' lang='grc' dir='ltr'><strong><em>αῖ</em></strong></span> <span class='ocrx_word' id='word_1_203' title='bbox 1209 2588 1334 2659; x_wconf 89' lang='grc' dir='ltr'><strong><em>περὶ</em></strong></span> <span class='ocrx_word' id='word_1_204' title='bbox 1373 2586 1472 2654; x_wconf 76' lang='grc' dir='ltr'><strong><em>τὰς</em></strong></span> <span class='ocrx_word' id='word_1_205' title='bbox 1519 2595 1643 2654; x_wconf 84' lang='grc' dir='ltr'><strong><em>ἴσας</em></strong></span> <span class='ocrx_word' id='word_1_206' title='bbox 1688 2593 1915 2659; x_wconf 86' lang='grc' dir='ltr'><strong><em>γωνίας,</em></strong></span> 
     </span>
    </p>
   </div>
   <div class='ocr_carea' id='block_1_9' title="bbox 215 2712 572 2719">
    <p class='ocr_par' dir='ltr' id='par_1_13' title="bbox 215 2712 572 2719">
     <span class='ocr_line' id='line_1_33' title="bbox 215 2712 572 2719; baseline 0 433"><span class='ocrx_word' id='word_1_207' title='bbox 215 2712 572 2719; x_wconf 95' lang='lat' dir='ltr'><strong><em> </em></strong></span> 
     </span>
    </p>
   </div>
   <div class='ocr_carea' id='block_1_10' title="bbox 215 2759 1915 2943">
    <p class='ocr_par' dir='ltr' id='par_1_14' title="bbox 215 2759 1915 2943">
     <span class='ocr_line' id='line_1_34' title="bbox 335 2759 1914 2840; baseline 0.001 -30"><span class='ocrx_word' id='word_1_208' title='bbox 335 2771 377 2809; x_wconf 82' lang='grc'><strong><em>2.</em></strong></span> <span class='ocrx_word' id='word_1_209' title='bbox 413 2762 558 2824; x_wconf 78' lang='grc' dir='ltr'><strong><em>ἐστίν]</em></strong></span> <span class='ocrx_word' id='word_1_210' title='bbox 594 2764 712 2810; x_wconf 81' lang='grc' dir='ltr'><strong><em>εἰσίν</em></strong></span> <span class='ocrx_word' id='word_1_211' title='bbox 743 2766 798 2809; x_wconf 90' lang='lat' dir='ltr'><strong><em>V.</em></strong></span> <span class='ocrx_word' id='word_1_212' title='bbox 953 2772 994 2811; x_wconf 89' lang='lat'><strong><em>4.</em></strong></span> <span class='ocrx_word' id='word_1_213' title='bbox 1029 2759 1114 2811; x_wconf 75' lang='grc' dir='ltr'><strong><em>ὦσι</em></strong></span> <span class='ocrx_word' id='word_1_214' title='bbox 1145 2765 1283 2823; x_wconf 86' lang='lat' dir='ltr'><strong>PBp.</strong></span> <span class='ocrx_word' id='word_1_215' title='bbox 1441 2771 1479 2810; x_wconf 79' lang='lat'><strong>7.</strong></span> <span class='ocrx_word' id='word_1_216' title='bbox 1513 2762 1630 2840; x_wconf 73' lang='grc' dir='ltr'><strong><em>κᾶν]</em></strong></span> <span class='ocrx_word' id='word_1_217' title='bbox 1670 2765 1751 2836; x_wconf 55' lang='grc' dir='ltr'><strong><em>’ἰαὶ</em></strong></span> <span class='ocrx_word' id='word_1_218' title='bbox 1784 2764 1831 2809; x_wconf 80' lang='grc' dir='ltr'><strong><em>εἰ</em></strong></span> <span class='ocrx_word' id='word_1_219' title='bbox 1859 2764 1914 2811; x_wconf 90' lang='lat' dir='ltr'><strong><em>V.</em></strong></span> 
     </span>
     <span class='ocr_line' id='line_1_35' title="bbox 278 2822 1915 2884; baseline 0.001 -16"><span class='ocrx_word' id='word_1_220' title='bbox 278 2829 347 2868; x_wconf 91' lang='lat'><strong>11.</strong></span> <span class='ocrx_word' id='word_1_221' title='bbox 374 2823 430 2868; x_wconf 79' lang='grc' dir='ltr'><strong><em>αῖ</em></strong></span> <span class='ocrx_word' id='word_1_222' title='bbox 450 2823 671 2883; x_wconf 78' lang='grc' dir='ltr'><strong><em>τέσσαρες</em></strong></span> <span class='ocrx_word' id='word_1_223' title='bbox 694 2825 743 2869; x_wconf 92' lang='grc' dir='ltr'><strong><em>Ρ.</em></strong></span> <span class='ocrx_word' id='word_1_224' title='bbox 868 2822 1126 2884; x_wconf 73' lang='grc' dir='ltr'><strong><em>ἀνάλογον]</em></strong></span> <span class='ocrx_word' id='word_1_225' title='bbox 1154 2839 1245 2872; x_wconf 91' lang='lat' dir='ltr'><strong>om.</strong></span> <span class='ocrx_word' id='word_1_226' title='bbox 1270 2825 1323 2869; x_wconf 94' lang='lat' dir='ltr'><strong><em>V.</em></strong></span> <span class='ocrx_word' id='word_1_227' title='bbox 1439 2829 1507 2869; x_wconf 84' lang='lat'><strong>12.</strong></span> <span class='ocrx_word' id='word_1_228' title='bbox 1538 2827 1573 2868; x_wconf 94' lang='lat' dir='ltr'>Z</span> <span class='ocrx_word' id='word_1_229' title='bbox 1594 2828 1834 2881; x_wconf 79' lang='grc' dir='ltr'><strong><em>αναλογον</em></strong></span> <span class='ocrx_word' id='word_1_230' title='bbox 1858 2824 1915 2870; x_wconf 92' lang='lat' dir='ltr'><strong><em>V.</em></strong></span> 
     </span>
     <span class='ocr_line' id='line_1_36' title="bbox 215 2881 1913 2943; baseline 0 -17"><span class='ocrx_word' id='word_1_231' title='bbox 215 2881 323 2943; x_wconf 73' lang='grc' dir='ltr'><strong><em>τήν]</em></strong></span> <span class='ocrx_word' id='word_1_232' title='bbox 357 2896 446 2927; x_wconf 90' lang='lat' dir='ltr'><strong>om.</strong></span> <span class='ocrx_word' id='word_1_233' title='bbox 481 2884 574 2941; x_wconf 89' lang='lat' dir='ltr'><strong>Bp.</strong></span> <span class='ocrx_word' id='word_1_234' title='bbox 722 2889 790 2929; x_wconf 89' lang='lat'><strong>13.</strong></span> <span class='ocrx_word' id='word_1_235' title='bbox 825 2885 935 2943; x_wconf 89' lang='lat' dir='ltr'><strong><em>AB]</em></strong></span> <span class='ocrx_word' id='word_1_236' title='bbox 979 2888 1014 2928; x_wconf 94' lang='lat' dir='ltr'><em>B</em></span> <span class='ocrx_word' id='word_1_237' title='bbox 1045 2885 1094 2928; x_wconf 90' lang='lat' dir='ltr'><strong><em>in</em></strong></span> <span class='ocrx_word' id='word_1_238' title='bbox 1132 2898 1221 2931; x_wconf 83' lang='lat' dir='ltr'><strong>ras.</strong></span> <span class='ocrx_word' id='word_1_239' title='bbox 1256 2899 1316 2928; x_wconf 88' lang='lat' dir='ltr'><strong>m.</strong></span> <span class='ocrx_word' id='word_1_240' title='bbox 1352 2889 1377 2928; x_wconf 83' lang='lat'><strong>2</strong></span> <span class='ocrx_word' id='word_1_241' title='bbox 1410 2883 1465 2927; x_wconf 91' lang='lat' dir='ltr'><strong><em>V.</em></strong></span> <span class='ocrx_word' id='word_1_242' title='bbox 1614 2883 1676 2942; x_wconf 94' lang='lat' dir='ltr'><strong><em>Z]</em></strong></span> <span class='ocrx_word' id='word_1_243' title='bbox 1711 2897 1827 2928; x_wconf 74' lang='lat' dir='ltr'><strong>eras,</strong></span> <span class='ocrx_word' id='word_1_244' title='bbox 1862 2883 1913 2927; x_wconf 86' lang='lat' dir='ltr'><strong>F.</strong></span> 
     </span>
    </p>
   </div>
   <div class='ocr_carea' id='block_1_11' title="bbox 280 2939 1913 3001">
    <p class='ocr_par' dir='ltr' id='par_1_15' title="bbox 280 2939 1913 3001">
     <span class='ocr_line' id='line_1_37' title="bbox 280 2939 1913 3001; baseline 0.001 -15"><span class='ocrx_word' id='word_1_245' title='bbox 280 2947 346 2986; x_wconf 68' lang='grc' dir='ltr'><strong><em>14ὁ</em></strong></span> <span class='ocrx_word' id='word_1_246' title='bbox 384 2939 509 2987; x_wconf 80' lang='grc' dir='ltr'><strong><em>ἐστίν</em></strong></span> <span class='ocrx_word' id='word_1_247' title='bbox 541 2945 591 2999; x_wconf 88' lang='lat' dir='ltr'><strong><em>P,</em></strong></span> <span class='ocrx_word' id='word_1_248' title='bbox 626 2957 775 3001; x_wconf 85' lang='lat' dir='ltr'><strong>comp.</strong></span> <span class='ocrx_word' id='word_1_249' title='bbox 811 2959 855 3000; x_wconf 91' lang='lat' dir='ltr'><strong>p.</strong></span> <span class='ocrx_word' id='word_1_250' title='bbox 1011 2945 1077 3001; x_wconf 91' lang='lat' dir='ltr'><strong><em>E]</em></strong></span> <span class='ocrx_word' id='word_1_251' title='bbox 1111 2946 1276 3001; x_wconf 76' lang='lat' dir='ltr'><strong>postea.</strong></span> <span class='ocrx_word' id='word_1_252' title='bbox 1317 2943 1422 2987; x_wconf 79' lang='lat' dir='ltr'><strong>add.</strong></span> <span class='ocrx_word' id='word_1_253' title='bbox 1463 2959 1524 2987; x_wconf 89' lang='lat' dir='ltr'><strong>m.</strong></span> <span class='ocrx_word' id='word_1_254' title='bbox 1562 2947 1593 2987; x_wconf 67' lang='lat'><strong><em>1&#39;</em></strong></span> <span class='ocrx_word' id='word_1_255' title='bbox 1619 2958 1676 3000; x_wconf 88' lang='lat' dir='ltr'><strong><em>p;</em></strong></span> <span class='ocrx_word' id='word_1_256' title='bbox 1716 2956 1830 2987; x_wconf 80' lang='lat' dir='ltr'><strong>eras.</strong></span> <span class='ocrx_word' id='word_1_257' title='bbox 1862 2942 1913 2987; x_wconf 88' lang='lat' dir='ltr'><strong>F.</strong></span> 
     </span>
    </p>
   </div>
  </div>
 </body>
</html>
