1988 3152
217 95 287 148 98
844 100 1182 144 ΣΤΟΙΧΕΙΩΝ
1213 101 1244 143 ς
1254 96 1280 143 ’.

215 213 339 285 ἄρα.
410 217 525 270 ἔστι
573 215 635 270 δὲ
680 215 774 270 καὶ
819 213 855 290 ἡ
901 214 1042 286 πρὸς
1086 219 1162 293 τῷ
1202 224 1256 272 Α
1296 223 1387 288 ἴση
1429 221 1493 290 τῇ
1535 217 1675 291 πρὸς
1711 222 1787 294 τῷ
1828 228 1906 275 Δ·

213 301 306 356 καὶ
362 302 527 374 λοιπὴ
577 302 687 375 ἄρα
734 301 768 374 ἡ
817 303 956 377 πρὸς
1001 307 1076 381 τῷ
1122 310 1177 360 Γ
1216 309 1383 379 λοιπῇ
1431 310 1497 378 τῇ
1546 305 1682 378 πρὸς
1735 311 1811 383 τῷ
1860 315 1904 364 Ζ

215 396 307 461 ἴση
342 393 506 447 ἐστίν.
573 390 877 462 ἰσογώνιον
912 391 1027 464 ἄρα
1067 394 1181 449 ἐστὶ
1219 393 1282 449 τὸ
1324 383 1495 449 ΑΒΓ
1519 399 1798 466 τρίγωνον
1829 401 1905 471 τῷ

215 484 270 532 A
280 484 384 532 EZ
421 478 692 555 τριγώνῳ.

319 563 482 621 Ἀλλὰ
523 566 592 638 δὴ
631 567 802 624 πάλιν
841 566 1163 624 ὑποκείσθω
1205 570 1433 642 ἑκατέρα
1472 574 1585 626 τῶν
1617 570 1756 644 πρὸς
1788 584 1905 639 τοῖς

212 658 274 721 Γ,
301 659 345 708 Ζ
385 653 459 725 μὴ
502 654 754 712 ἐλάσσων
794 655 997 730 ὀρθῆς·
1043 658 1185 728 λέγω
1225 657 1419 729 πάλιν,
1471 657 1557 714 ὅτι
1594 660 1687 714 καὶ
1727 658 1905 726 οὕτως

212 741 362 797 ἐστὶν
396 742 699 814 ἰσογώνιον
730 743 793 800 τὸ
828 749 1003 800 ΑΒΓ
1025 750 1303 818 τρίγωνον
1334 749 1409 820 τῷ
1436 752 1603 802 ΔΕΖ
1634 747 1903 823 τριγώνῳ.

330 833 455 912 Ταξν
505 830 612 903 γὰρ
661 831 850 889 αὐτῶν
905 835 1474 890 κατασκευασθέντων
1530 833 1738 906 ὁμοίως
1794 839 1903 891 δεί-

119 929 123 932 ’
211 920 402 989 ξομεν,
445 917 529 974 ὅτι
570 926 662 990 ἴση
704 920 855 975 ἐστὶν
893 919 928 991 ἡ
967 925 1080 976 ΒΓ
1109 923 1174 993 τῇ
1215 927 1351 977 ΒΗ·
1401 920 1542 978 ὥστε
1587 924 1680 977 καὶ
1725 928 1904 994 γωνία

122 1020 179 1060 10

50 1459 174 1500 ,15

214 1004 247 1077 ἡ
293 1006 433 1079 πρὸς
472 1010 546 1083 τῷ
587 1012 641 1062 Γ
669 1011 736 1081 τῇ
775 1006 885 1065 ὑπὸ
925 1015 1101 1065 ΒΗΓ
1134 1016 1226 1080 ἴση
1275 1012 1439 1066 ἐστίν.
1512 1009 1614 1066 οὐκ
1661 1011 1903 1067 ἐλάττων

210 1093 272 1149 δὲ
327 1093 508 1166 ὀρθῆς
561 1093 595 1166 ἡ
646 1096 785 1167 πρὸς
837 1100 914 1171 τῷ
970 1103 1036 1153 Γ·
1094 1097 1197 1155 οὐκ
1249 1097 1494 1154 ἐλάττων
1550 1100 1661 1170 ἄρα
1723 1098 1904 1172 ὀρθῆς

209 1182 345 1239 οὐδὲ
400 1182 434 1255 ἡ
492 1182 601 1240 ὑπὸ
650 1190 836 1241 ΒΗΓ.
906 1186 1185 1259 τριγώνου
1233 1189 1303 1258 δὴ
1352 1190 1453 1243 τοῦ
1492 1192 1668 1243 ΒΗΓ
1700 1190 1761 1243 αἱ
1797 1187 1902 1243 δύο

207 1275 408 1342 γωνίαι
457 1275 562 1329 δύο
611 1271 808 1342 ὀρθῶν
856 1273 962 1330 οὔκ
1008 1278 1151 1331 εἰσιν
1198 1275 1510 1341 ἐλάττονες·
1568 1274 1702 1348 ὅπερ
1751 1277 1902 1332 ἐστὶν

210 1358 511 1418 ἀδύνατον.
582 1360 684 1418 οὐκ
723 1361 835 1435 ἄρα
873 1363 1043 1419 πάλιν
1083 1363 1280 1430 ἄνισός
1320 1366 1471 1420 ἐστιν
1512 1362 1546 1435 ἡ
1585 1362 1695 1420 ὑπὸ
1737 1369 1911 1419 ΑΒΓ

204 1453 386 1519 ,γωνία
434 1453 500 1523 τῇ
549 1448 659 1506 ὑπὸ
701 1456 893 1506 ΔΕΖ·
945 1459 1036 1523 ἴση
1078 1451 1202 1523 ἄρα.
1273 1457 1388 1508 ἔστι
1435 1452 1498 1508 δὲ
1543 1453 1636 1508 καὶ
1684 1451 1718 1524 ἡ
1765 1451 1905 1523 πρὸς

206 1541 283 1614 τῷ
324 1545 377 1593 Α
415 1541 482 1611 τῇ
529 1538 669 1611 πρὸς
714 1542 790 1615 τῷ
832 1546 888 1595 Δ
927 1546 1042 1612 ἴση·
1105 1541 1268 1613 λοιπὴ
1316 1539 1426 1614 ἄρα
1473 1539 1509 1612 ἡ
1557 1539 1695 1614 πρὸς
1740 1545 1816 1617 τῷ
1857 1546 1910 1597 Γ

206 1629 373 1699 λοιπῇ
414 1629 481 1699 τῇ
522 1627 661 1700 πρὸς
706 1630 782 1704 τῷ
825 1634 869 1683 Ζ
910 1632 1001 1700 ἴση
1050 1630 1216 1686 ἐστίν.
1287 1629 1590 1701 ἰσογώνιον
1634 1628 1748 1701 ἄρα
1787 1629 1902 1685 ἐστὶ

206 1711 268 1769 τὸ
309 1720 483 1770 ΑΒΓ
514 1720 793 1787 τρίγωνον
831 1720 907 1793 τῷ
950 1724 1119 1772 ΔΕΖ
1157 1718 1427 1794 τριγώνῳ.

317 1799 449 1858 Ἐὰν
496 1802 606 1874 ἄρα
654 1803 759 1860 δύο
815 1809 1060 1877 τρίγωνα
1114 1810 1248 1877 μίαν
1298 1810 1514 1877 γωνίαν
1570 1810 1668 1880 μιᾷ
1723 1810 1903 1881 γωνίᾳ

120 1902 178 1942 20
211 1897 342 1962 ἴσην
366 1895 480 1964 ἔχῃ,
511 1893 638 1964 περὶ
670 1892 732 1948 δὲ
755 1891 927 1960 ἄλλοις
956 1899 1165 1965 γωνίας
1193 1915 1292 1960 τας
1322 1893 1566 1966 πλευρὰς
1599 1893 1900 1966 ἀνάλογον,
1973 1897 1978 1902 ’

115 2365 174 2407 25

206 1982 321 2034 τῶν
361 1978 424 2034 δὲ
462 1984 674 2036 λοιπῶν
714 1981 978 2053 ἑκατέραν
1010 1981 1124 2054 ἅμα
1157 1982 1424 2039 ἐλάττονα
1455 1980 1490 2055 ἢ
1524 1981 1598 2054 μὴ
1633 1982 1900 2038 ἐλάττονα

207 2065 413 2143 ὀρθῆς,
461 2068 733 2139 ἰσογώνια
779 2074 931 2126 ἔσται
968 2069 1036 2125 τὰ
1072 2075 1320 2143 τρίγωνα
1357 2072 1451 2126 καὶ
1491 2079 1614 2136 ἴσας
1653 2072 1761 2139 ἕξει
1799 2070 1897 2137 τὰς

206 2161 442 2227 γωνίας,
497 2157 622 2229 περὶ
673 2155 741 2223 ἃς
792 2158 1078 2230 ἀνάλογόν
1133 2162 1277 2215 εἰσιν
1332 2162 1394 2214 αἱ
1443 2165 1699 2232 πλευραί·
1763 2158 1898 2232 ὅπερ

208 2247 322 2300 ἔδει
363 2245 552 2311 δεῖξαι.

1020 2350 1095 2422 η’.

313 2447 461 2505 Ἐὰν
509 2451 577 2506 ἐν
634 2448 1026 2530 ὀρθογωνίῳ
1081 2454 1380 2531 τριγώνῳ
1443 2453 1570 2510 ἀπὸ
1623 2458 1734 2527 τῆς
1791 2453 1896 2526 ὀρ·
1984 2510 1988 2523 ,-

205 2539 328 2608 θῆς
381 2544 627 2609 γωνίας
674 2541 775 2597 ἐπὶ
823 2541 943 2613 τὴν
989 2541 1189 2613 βάσιν
1237 2543 1522 2610 κάθετος
1567 2541 1764 2617 ἀχθῇ,
1819 2544 1892 2600 τὰ

326 2692 365 2732 1.
407 2682 531 2731 ἐστίν
570 2687 621 2732 Β.
693 2689 806 2733 Post
844 2691 880 2732 A
920 2689 1025 2734 add.
1073 2692 1247 2750 σημείῳ
1286 2691 1384 2747 Bp,
1427 2705 1566 2749 supra
1596 2690 1653 2747 F,
1684 2705 1744 2735 m.
1772 2695 1804 2736 '2
1837 2691 1892 2736 V.

264 2750 305 2789 3.
340 2740 463 2804 ἐστι’]
498 2743 624 2791 ἐστίν
655 2746 714 2802 Ρ,
750 2762 898 2805 comp.
929 2763 976 2805 p.
1123 2755 1161 2795 6.
1195 2746 1399 2794 ἐλάττων
1430 2750 1480 2794 F.
1625 2747 1766 2794 πάλιν
1800 2745 1891 2806 ὅτι]

203 2818 263 2847 m.
298 2809 324 2848 2
363 2804 415 2849 V.
541 2810 580 2849 7.
614 2803 862 2862 ἰσογώνιόν
888 2804 1012 2852 ἐστιν
1036 2808 1085 2853 Ρ.
1208 2813 1250 2853 8.
1277 2804 1449 2864 ὁμοίως
1472 2806 1531 2865 δή
1557 2809 1696 2866 BVp.
1823 2813 1891 2853 10.

204 2859 413 2907 ἐλάσσων
443 2879 488 2921 p.
629 2870 697 2909 11.
734 2862 940 2910 ἐλάσσων
971 2882 1014 2923 p.
1155 2872 1224 2911 12.
1258 2864 1398 2926 οὐδέ]
1433 2882 1522 2912 om.
1555 2867 1610 2911 V.
1743 2865 1795 2926 ἡ]
1827 2881 1891 2914 m.
