1988 3152
159 80 202 124 X
825 78 1175 120 PRAEFATIO.

159 223 207 267 p.
249 205 370 267 278,
413 204 502 251 18:
542 196 810 266 ἀνάλογον]
853 217 946 250 om.
988 203 1033 250 b.

413 279 503 324 22:
543 273 612 337 Z]
654 276 707 322 in
744 291 843 323 ras.
882 293 945 324 m.
990 279 1016 323 1
1062 276 1106 324 b.

414 352 506 398 23:
546 341 815 414 ἀνάλογον]
857 365 952 399 om.
990 351 1070 412 bq.

161 443 206 487 p.
251 425 371 487 280,
452 427 504 471 1:
544 420 656 484 καί]
699 439 792 471 om.
835 423 914 484 bq.

451 499 505 545 6:
552 494 615 558 Θ]
659 512 684 543 e
727 512 850 545 corr.
891 514 953 545 m.
998 500 1023 544 1
1070 497 1115 546 b.

417 572 507 619 10:
553 570 619 631 Θ,
651 567 733 632 Η]
775 571 849 631 Η,
889 571 931 618 Θ
970 571 1017 618 b.

544 636 814 708 ἀνάλογον]
858 659 952 693 om.
992 644 1072 707 b‚q.

415 721 506 766 11:
546 715 630 766 καὶ
668 715 743 779 ἐν]
784 715 866 765 καὶ
905 715 958 765 ἔν
995 735 1043 766 τε
1084 718 1162 780 bq.

417 794 506 841 13:
552 792 620 853 Θ,
652 789 734 852 H]
776 794 852 853 H,
891 791 932 840 Θ
974 792 1053 853 bq.

419 867 507 913 14:
549 859 818 929 ἀνάλογον]
860 880 954 912 om.
993 866 1039 913 b.

418 940 509 988 15:
549 936 603 987 ἐν
640 935 735 1007 τῷ]
778 936 845 986 ἔτι
883 939 964 1000 bq.

420 1015 509 1062 16:
548 1005 734 1078 λόγοις]
777 1004 964 1077 λόγοις,
1004 1010 1199 1062 ἔσονταί
1233 1029 1358 1071 τινες
1395 1015 1493 1060 τῶν
1532 1015 1600 1072 Η,
1635 1013 1694 1073 Θ,
1720 1014 1782 1073 K,
1811 1015 1860 1059 A

624 1081 884 1145 ἐλάσσονες
929 1080 1136 1150 ἆροθμοὶ
1187 1084 1241 1135 ἕν
1286 1104 1334 1134 τε
1378 1090 1477 1144 τοῖς
1523 1089 1609 1135 τοῦ
1650 1089 1698 1133 Α
1736 1081 1859 1149 πρὸς

618 1154 704 1209 τὸν
750 1162 791 1207 Β
837 1157 920 1208 καὶ
957 1163 1043 1209 τοῦ
1082 1163 1131 1208 Γ
1159 1154 1283 1225 πρὸς
1320 1154 1405 1209 τὸν
1445 1163 1489 1207 Δ
1527 1157 1610 1207 καὶ
1657 1158 1723 1208 ἔτι
1770 1161 1860 1209 τοῦ

624 1236 672 1282 Ε
712 1228 837 1297 πρὸς
875 1228 960 1283 τὸν
999 1236 1041 1282 Ζ
1080 1228 1245 1299 λόγοις
1284 1251 1330 1296 q.

418 1311 504 1357 17:
549 1303 724 1369 οὕτως]
767 1324 862 1357 om.
901 1309 982 1370 bq.

415 1385 508 1432 20:
548 1377 789 1444 ἐλάσσων]
832 1376 1039 1430 ἐλάττων
1078 1382 1124 1430 b.

546 1450 806 1518 ἐλάσσονα]
850 1452 1078 1505 ἐλάττονα
1118 1456 1198 1518 bq.

418 1533 509 1579 21:
548 1528 617 1592 τε]
662 1546 757 1578 om.
798 1530 876 1592 bq.

161 1624 208 1669 p.
251 1607 373 1668 282,
453 1607 505 1653 1:
547 1606 610 1665 B,
643 1601 714 1665 Γ]
754 1606 811 1666 Γ,
843 1606 883 1652 Β
924 1605 1002 1666 bq.

451 1681 504 1727 2:
546 1680 772 1742 μετροῦσι
812 1678 889 1740 bq.

544 1750 663 1814 τῶν]
705 1747 790 1801 τόν
829 1769 873 1815 q.

452 1830 508 1876 4:
548 1820 574 1876 ὁ
614 1823 697 1887 Η]
741 1820 931 1892 (prius)
974 1842 1125 1888 supra
1167 1841 1257 1875 scr.
1299 1843 1362 1874 m.
1406 1830 1430 1874 1
1478 1827 1521 1874 b.

453 1903 504 1950 6:
553 1901 615 1960 Θ,
650 1897 732 1962 Η]
774 1902 848 1960 Η,
886 1900 928 1949 Θ
967 1901 1047 1962 bq.

453 1978 507 2024 8:
546 1969 632 2023 τὸν
671 1971 741 2036 Ζ]
784 1976 825 2021 Ζ
863 1991 909 2036 q.

454 2052 507 2099 9:
547 2042 677 2111 ὑπό]
719 2041 746 2097 ὁ
786 2041 884 2097 ὑπό
924 2048 1005 2110 bq.

418 2125 507 2171 12:
554 2122 617 2184 Θ,
650 2119 732 2183 Η]
775 2123 848 2182 Η,
887 2121 934 2170 Θ
967 2122 1048 2184 bq.

420 2198 508 2245 14:
551 2192 684 2257 ἐπεί]
724 2192 807 2243 καὶ
845 2192 952 2243 ἐπεί
986 2195 1066 2257 bq.

415 2272 507 2319 20:
547 2263 727 2331 ἰσάκις]
769 2260 939 2327 ὁσάκις
977 2285 1022 2330 q.

419 2346 508 2392 22:
550 2337 820 2408 ἀνάλογον]
863 2358 956 2391 om.
1000 2342 1078 2405 bq.

550 2413 626 2478 ἐν]
668 2414 723 2464 ἕν
759 2433 808 2464 τε
847 2416 893 2464 b.

545 2489 614 2553 τε]
658 2505 753 2538 om.
793 2490 839 2537 b.

417 2567 507 2614 23:
547 2562 636 2626 ἔτι]
680 2579 772 2612 om.
814 2563 894 2625 bq.

425 2641 516 2688 24:
557 2636 632 2701 ἐν]
690 2636 734 2686 εἰ
784 2631 876 2702 γὰρ
931 2629 998 2700 μή
1055 2635 1177 2686 εἰσιν
1232 2636 1282 2687 οἵ
1330 2638 1403 2697 Ν,
1442 2632 1503 2698 Ξ,
1537 2638 1618 2696 Μ,
1656 2637 1698 2685 Ο
1751 2633 1863 2701 ἑξῆς

621 2707 858 2776 ἐλάχιστοι
895 2711 976 2773 bq.

165 2805 212 2851 p.
256 2790 377 2851 284,
459 2790 512 2835 1:
554 2786 597 2835 εἰ
632 2780 725 2851 γὰρ
765 2779 860 2849 μή]
903 2801 996 2834 om.
1038 2785 1119 2847 bq.

455 2864 509 2910 2:
549 2855 820 2924 ἀνάλογον]
862 2875 954 2907 om.
994 2858 1076 2921 bq.
