1988 3152
198 189 200 191 ·
236 161 347 215 294
867 159 1202 202 ΣΤοῙΧΕῙῼΝ
1235 155 1299 215 η’.

236 283 402 335 εἰσίν“
441 279 534 333 καὶ
575 281 633 334 οἱ
668 285 739 348 A,
773 282 836 348 Γ,
869 284 941 347 A,
973 282 1021 332 Β
1053 276 1164 348 ἄρα
1201 288 1317 342 τοῖς
1355 283 1422 346 Ε,
1455 282 1538 346 Μ,
1571 281 1644 343 Ν,
1677 281 1721 329 Ζ
1755 277 1815 330 ἐν
1846 278 1922 349 τῷ

236 366 384 442 αὐτῷ
434 366 583 441 λόγῳ
633 370 792 421 εἰσίν.
869 367 927 420 οἱ
964 364 1026 420 δὲ
1063 371 1143 435 A,
1174 369 1244 434 Γ,
1279 372 1358 434 Δ,
1391 369 1438 418 Β
1478 365 1601 434 ἑξῆς
1638 360 1924 433 ἀνάλογόν

236 461 400 512 εἰσιν·
448 455 542 510 καὶ
589 457 648 510 οἱ
684 461 757 524 Ε,
792 459 881 524 Μ,
912 460 996 523 Ν,
1030 460 1076 508 Ζ
1115 452 1223 524 ἄρα
1264 454 1386 524 ἑξῆς
1433 449 1718 522 ἀνάλογόν
1765 455 1924 507 εἰσιν.

236 543 361 600 ὅσοι
401 543 512 615 ἄρα
551 547 629 609 εἰς
666 542 798 608 τοὺς
835 549 907 614 Α,
939 548 987 597 Β
1026 540 1229 613 μεταξὺ
1266 541 1404 596 κατὰ
1435 540 1498 596 τὸ
1533 540 1758 612 συνεχὲς
1789 537 1924 594 ἀνά-

177 646 202 685 5
239 641 410 705 λογον
459 631 880 704 ἐμπεπτώκασιν
927 629 1187 703 ἀριθμοί,
1242 633 1501 685 τοσοῦτοι
1546 629 1638 684 καὶ
1678 633 1757 694 εἰς
1794 627 1926 694 τοὺς

233 728 299 793 Ε,
332 726 377 775 Ζ
415 718 618 792 μεταξὺ
655 718 792 775 κατὰ
833 718 895 775 τὸ
939 718 1164 790 συνεχὲς
1195 715 1477 787 ἀνάλογον
1510 716 1925 789 ἐμπεπτώκασιν

235 808 494 880 ἀριθμοί·
535 806 670 875 ὅπερ
712 811 823 862 ἔδει
864 808 1053 873 δεῖξαι.

1044 968 1124 1023 θ’.

340 1073 487 1129 Ἐὰν
544 1072 663 1128 δύο
726 1071 1006 1145 ἀριθμοὶ
1068 1073 1314 1143 πρῶτοι
1375 1070 1538 1143 πρὸς
1598 1069 1927 1142 ἀλλήλους

147 1177 204 1218 10
236 1157 424 1232 ὦσιν,
474 1162 583 1217 καὶ
631 1165 723 1227 εἰς
763 1159 1006 1225 αὐτούς
1052 1158 1291 1231 μεταξὺ
1340 1158 1500 1215 κατὰ
1541 1158 1611 1216 τὸ
1653 1159 1927 1231 συνεχὲς

235 1250 573 1322 ἀνάλογον
636 1251 1041 1320 ἐμπίπτωσιν
1097 1247 1403 1320 ἀριθμοί,
1462 1245 1608 1303 ὅσοι
1665 1251 1760 1312 εἰς
1814 1245 1925 1303 αὖ·

235 1340 386 1406 τοὺς
448 1337 686 1411 μεταξὺ
748 1336 908 1393 κατὰ
969 1336 1039 1393 τὸ
1103 1336 1373 1409 συνεχὲς
1433 1335 1767 1408 ἀνάλογον
1823 1337 1928 1406 ἐμ-

235 1433 595 1484 πίπτουσιν
634 1426 941 1498 ἀριθμοί,
980 1428 1292 1482 τοσοῦτοι
1330 1426 1437 1481 καὶ
1471 1426 1785 1498 ἑκατέρου
1817 1422 1930 1479 αὐ-

235 1520 364 1573 τῶν
402 1517 510 1571 καὶ
550 1515 840 1588 μονάδος
878 1514 1120 1587 μεταξὺ
1161 1513 1318 1570 κατὰ
1360 1513 1429 1570 τὸ
1472 1513 1742 1586 συνεχὲς
1774 1511 1927 1569 ἀνά-

150 1619 203 1660 15
237 1611 438 1677 λογον
479 1607 940 1677 ἐμπεσοῦνται.

334 1692 626 1749 ’E6tm6av
675 1692 780 1749 δύο
828 1690 1064 1764 ἀριθμοὶ
1110 1694 1320 1763 πρῶτοι
1366 1690 1506 1763 πρὸς
1552 1689 1829 1762 ἀλλήλους
1875 1693 1933 1746 οι

238 1789 317 1854 A,
350 1788 424 1852 Β,
474 1782 567 1837 καὶ
614 1785 692 1846 εἰς
740 1777 944 1845 αὐτοὺς
990 1778 1194 1850 μεταξὺ
1237 1778 1376 1835 κατὰ
1425 1777 1488 1835 τὸ
1530 1778 1756 1851 συνεχὲς
1795 1778 1930 1834 ἀνά-

238 1878 411 1942 λογον
452 1869 870 1941 ἐμπιπτέτωσαν
911 1870 969 1922 οἱ
1005 1873 1076 1938 Γ,
1111 1875 1191 1938 A,
1230 1868 1324 1922 καὶ
1365 1869 1634 1923 ἐκκείσθω
1674 1865 1708 1937 ἡ
1749 1873 1802 1922 Ε
1836 1889 1930 1938 μο-

227 1959 362 2025 νάς·
414 1960 584 2030 λέγω,
633 1955 716 2013 ὅτι
765 1957 890 2012 ὅσοι
936 1959 1015 2022 εἰς
1059 1955 1192 2020 τοὺς
1238 1963 1314 2025 Α,
1347 1961 1393 2009 Β
1441 1954 1642 2026 μεταξὺ
1689 1954 1827 2010 κατὰ
1867 1954 1929 2010 τὸ

149 2064 206 2104 20
239 2046 466 2119 συνεχὲς
519 2044 803 2117 ἀνάλογον
866 2043 1284 2116 ἐμπεπτώκασιν
1346 2041 1588 2117 ἀριθμοί
1597 2086 1612 2114 ,
1674 2047 1931 2100 τοσοῦτοι

237 2137 331 2192 καὶ
370 2137 634 2208 ἑκατέρου
671 2138 786 2190 τῶν
825 2140 896 2205 Α,
929 2140 975 2189 Β
1015 2134 1108 2188 καὶ
1138 2136 1236 2204 τῆς
1275 2131 1520 2205 μονάδος
1557 2131 1760 2204 μεταξὺ
1792 2131 1930 2187 κατὰ

237 2224 300 2282 τὸ
343 2224 570 2297 συνεχὲς
610 2222 893 2294 ἀνάλογον
934 2224 1320 2294 ἐμπεσοῦνται.

351 2313 742 2385 Εἰλήφθωσαν
796 2311 903 2383 γὰρ
961 2311 1065 2367 δύο
1113 2311 1214 2382 μὲν
1263 2309 1497 2382 ἀριθμοὶ
1546 2309 1823 2381 ἐλάχιστοι
1870 2311 1931 2365 ἐν

239 2406 315 2479 τῷ
355 2407 471 2458 τῶν
510 2409 581 2472 Α,
616 2407 675 2473 Γ,
708 2408 780 2471 A,
813 2407 860 2456 Β
900 2400 1049 2472 λόγῳ
1091 2399 1248 2466 ὅντες
1287 2402 1345 2455 οἱ
1382 2406 1453 2470 Ζ,
1485 2404 1560 2469 Η,
1598 2410 1745 2469 τρεῖς
1783 2398 1844 2454 δὲ
1878 2399 1936 2454 οἰ

152 2506 208 2548 25
243 2498 308 2562 Θ,
341 2497 414 2561 Κ,
448 2497 517 2561 Λ,
556 2491 648 2545 καὶ
690 2489 776 2546 ἀεὶ
817 2491 940 2561 ἑξῆς
972 2489 1056 2544 ἑνὶ
1089 2493 1330 2559 πλείους,
1371 2490 1473 2553 ἕως
1503 2484 1575 2542 ἂν
1609 2494 1735 2543 ἴσον
1773 2487 1933 2558 γένη-

239 2603 331 2636 ται
383 2578 445 2636 τὸ
493 2584 710 2652 πλῆθος
757 2577 943 2635 αὐτῶν
988 2582 1064 2653 τῷ
1111 2577 1316 2648 πλήθει
1366 2580 1479 2633 τῶν
1526 2582 1604 2647 A,
1644 2580 1715 2646 Γ,
1757 2582 1837 2645 A,
1870 2580 1932 2630 B.

242 2668 634 2740 εἰλήφθωσαν,
682 2668 773 2723 καὶ
821 2671 1068 2722 ἔστωσαν
1109 2668 1167 2721 οἱ
1203 2672 1293 2737 Μ,
1326 2671 1408 2736 Ν,
1440 2666 1510 2735 Ξ,
1546 2670 1607 2718 Ο.
1683 2662 1932 2735 φανερὸν

364 2880 403 2919 1.
437 2873 575 2932 εἰσίν]
610 2889 700 2919 om.
733 2874 783 2919 P.
906 2872 987 2917 καὶ
1020 2870 1067 2917 οἷ
1088 2898 1144 2905 -
1170 2877 1219 2916 2:
1259 2867 1380 2931 λόγῳ
1421 2869 1562 2941 εἰσίν]
1595 2884 1686 2926 mg.
1721 2884 1782 2914 m.
1817 2873 1840 2912 1
1874 2867 1930 2922 V,

243 2948 333 2980 om.
376 2951 426 2990 φ.
550 2939 590 2979 3.
625 2931 771 2991 εἰσιν]
812 2931 978 2989 (prius)
1019 2930 1108 2976 εἰσι
1139 2932 1240 2987 ch.
1369 2934 1435 2974 10.
1469 2944 1554 2973 ωσι
1584 2929 1737 2985 Pvaep.
1861 2931 1930 2971 11.
