1988 3152
143 149 251 202 216
775 151 1111 196 ΣΤοΙΧΕΙῼΝ
1141 150 1199 206 ζ’.

142 267 282 341 πρὸς
325 267 426 324 τὸν
468 274 592 338 ΓΖ,
642 266 672 324 ὃ
720 267 830 340 ἄρα
877 271 1043 341 μέρος
1090 271 1239 326 ἐστὶν
1289 269 1318 326 5
1359 277 1470 326 AB
1517 274 1620 327 τοῦ
1659 276 1763 327 ΓΛ
1801 270 1836 344 ἢ

143 358 309 429 μέρη,
356 356 419 412 τὸ
469 355 607 412 αὐτὸ
654 359 821 429 μέρος
868 358 983 413 ἐστὶ
1029 358 1122 412 καὶ
1171 356 1200 414 5
1242 355 1358 413 AE
1399 363 1501 415 τοῦ
1540 365 1642 415 ΓΖ
1687 357 1722 431 ἢ
1771 360 1838 415 τὰ

144 443 285 500 αὐτὰ
325 446 478 518 μέρη.
540 445 633 500 καὶ
672 445 866 511 λοιπὸς
905 444 1014 517 ἄρα
1055 444 1084 502 5
1127 453 1231 502 ΕΒ
1264 450 1466 503 λοιποῦ
1496 451 1598 503 τοῦ
1631 454 1742 503 ΖΔ
1775 447 1836 504 τὸ

143 530 280 588 αὐτὸ
320 534 487 606 μέρος
526 534 676 589 ἐστὶν
716 531 750 604 ἢ
791 535 948 606 μέρη,
988 533 1128 606 ἅπερ
1169 534 1199 591 5
1231 542 1339 591 AB
1379 539 1482 591 τοῦ
1514 540 1630 591 ΓΔ.
1687 541 1838 593 ἔστιν

85 627 110 665 5
144 619 253 692 ἄρα
293 619 367 686 ὡς
407 619 437 676 5
480 627 585 676 ΕΒ
624 620 762 694 πρὸς
799 621 900 678 τὸν
940 629 1077 694 ΖΔ,
1126 622 1303 689 οὕτως
1343 622 1371 679 5
1414 631 1523 680 AB
1561 625 1700 697 πρὸς
1737 625 1840 681 τὸν

142 714 265 765 ΓΔ·
323 708 459 781 ὅπερ
500 713 613 765 ἔδει
653 714 843 777 δεῖξαι.

946 843 1050 913 ιβ’.

252 942 397 1002 Ἐὰν
466 940 627 1002 ὦσιν
700 946 1069 1003 ὁποσοιοῦν
1132 946 1412 1020 ἀριθμοὶ
1475 947 1838 1019 ἀνάλογον,

144 1040 327 1091 ἔσται
390 1032 472 1100 ὥς
534 1029 627 1102 εἷς
688 1038 815 1091 τῶν
877 1034 1267 1107 ἡγουμένων
1329 1036 1491 1107 πρὸς
1545 1038 1660 1093 ἕνα
1713 1039 1840 1091 τῶν

57 1135 112 1175 10
145 1125 512 1195 ἑπομένων,
571 1122 777 1190 οὕτως
825 1122 1109 1189 ἅπαντες
1156 1127 1221 1180 οἰ
1264 1123 1631 1196 ἡγούμενοι
1679 1123 1841 1197 πρὸς

143 1211 435 1279 ἅπαντας
472 1212 626 1278 τοὺς
666 1214 1045 1285 ἑπομένους.
1142 1280 1154 1292 0

239 1303 533 1357 ’Ἑστωσαν
582 1299 888 1358 ὁποσοιοῦν
935 1299 1173 1374 ἀριθμοὶ
1222 1300 1507 1373 ἀνάλογον
1556 1305 1613 1358 οἱ
1656 1310 1733 1373 A,
1774 1308 1840 1372 Β,

143 1395 206 1460 Γ,
247 1398 321 1461 Δ,
362 1387 438 1454 ὡς
477 1387 506 1445 5
547 1397 600 1444 A
638 1389 777 1461 πρὸς
814 1389 916 1445 τὸν
957 1396 1029 1459 Β,
1072 1388 1248 1455 οῦτως
1289 1388 1318 1446 5
1359 1395 1413 1445 Γ
1444 1391 1583 1463 πρὸς
1620 1389 1720 1446 τὸν
1763 1397 1840 1445 Δ·

142 1480 311 1549 λέγω,
354 1476 439 1533 ὅτι
480 1480 629 1534 ἐστὶν
670 1477 743 1545 ὡς
783 1477 812 1534 5
853 1486 906 1534 A
944 1477 1082 1549 πρὸς
1119 1477 1220 1534 τὸν
1260 1485 1326 1549 Β,
1369 1477 1545 1545 οὕτως
1585 1482 1643 1534 οἱ
1678 1487 1755 1548 Α,
1796 1483 1851 1533 Γ

55 1578 110 1618 15
143 1566 282 1639 πρὸς
318 1566 453 1632 τοὺς
491 1573 557 1637 Β,
599 1574 667 1622 Δ.

252 1654 400 1711 Ἐπεὶ
447 1657 556 1727 γάρ
599 1658 749 1712 ἐστιν
790 1652 865 1721 ὡς
905 1653 934 1710 5
975 1663 1028 1711 A
1067 1653 1207 1727 πρὸς
1244 1654 1343 1711 τὸν
1384 1662 1458 1725 Β,
1511 1654 1688 1720 οὕτως
1727 1653 1756 1711 5
1798 1660 1852 1710 Γ

143 1742 284 1815 πρὸς
327 1743 429 1799 τὸν
471 1752 552 1815 Δ,
601 1741 631 1799 ὃ
673 1743 782 1816 ἄρα
821 1745 987 1815 μέρος
1026 1744 1177 1800 ἐστὶν
1218 1741 1248 1799 5
1289 1751 1342 1799 A
1381 1747 1482 1799 τοῦ
1521 1749 1569 1798 Β
1609 1739 1643 1814 ἢ
1684 1744 1843 1814 μέρη,

143 1831 206 1887 τὸ
241 1830 378 1887 αὐτὸ
420 1834 589 1905 μέρος
627 1833 739 1888 ἐστὶ
778 1832 871 1886 καὶ
913 1829 942 1887 5
983 1836 1037 1886 Γ
1066 1834 1170 1886 τοῦ
1203 1838 1258 1885 Δ
1295 1828 1330 1902 ἢ
1371 1833 1525 1903 μέρη.
1589 1831 1681 1887 καὶ
1714 1849 1841 1887 συν-

146 1920 461 1994 αμφότερος
507 1919 617 1991 ἄρα
665 1917 694 1976 5
735 1928 814 1990 A,
855 1924 909 1974 Γ
948 1920 1377 1991 συναμφοτέρου
1423 1923 1525 1975 τοῦ
1563 1925 1637 1989 Β,
1678 1927 1734 1975 Δ
1781 1919 1842 1976 τὸ

56 2022 114 2064 20
145 2007 284 2065 αὐτὸ
325 2010 491 2081 μέρος
530 2009 681 2065 ἐστὶν
719 2005 754 2079 ἢ
795 2007 861 2063 τὰ
902 2007 1043 2063 αὐτὰ
1083 2009 1247 2080 μέρη,
1295 2005 1435 2079 ἅπερ
1476 2005 1506 2063 5
1548 2015 1601 2063 A
1638 2012 1742 2063 τοῦ
1781 2015 1844 2064 Β.

146 2103 297 2155 ἔστιν
343 2097 455 2169 ἄρα
495 2096 569 2163 ὡς
609 2095 638 2153 5
680 2105 733 2152 A
771 2097 910 2168 πρὸς
947 2097 1048 2153 τὸν
1087 2103 1154 2167 Β,
1195 2095 1370 2163 οὕτως
1410 2099 1468 2152 οἱ
1503 2103 1581 2168 A,
1622 2102 1676 2153 Γ
1705 2099 1846 2171 πρὸς

144 2186 278 2252 τοὺς
316 2193 382 2257 Β,
424 2193 499 2241 Δ·
565 2183 699 2257 ὅπερ
740 2189 851 2241 ἔδει
893 2188 1082 2253 δεῖξαι.

946 2357 1009 2405 ιγ
1035 2378 1046 2390 .

254 2435 401 2492 Ἐὰν
447 2438 758 2510 τέσσαρες
797 2436 1080 2509 ἄριθμοὶ
1119 2434 1455 2508 ἀνάλογον
1495 2429 1685 2507 ὦσιν,
1735 2438 1840 2492 καὶ
1915 2449 1931 2462 ”

58 2542 115 2583 25
148 2524 429 2591 ἐναλλὰξ
469 2525 807 2597 ἀνάλογον
848 2530 1130 2582 ἔσονται.

267 2672 388 2718 ΧΙΠ.
422 2672 605 2731 Philop.
638 2674 689 2718 in
719 2673 840 2719 anal.
873 2676 995 2731 post.
1025 2674 1107 2719 fol.
1144 2677 1211 2719 18.

147 2856 235 2910 ΔΖ
264 2866 314 2910 Ρ.
437 2870 480 2909 4.
512 2861 654 2923 ἅπερ]
688 2882 798 2920 -περ
831 2880 944 2911 eras.
978 2867 1028 2910 F.
1137 2862 1184 2924 5]
1217 2866 1288 2910 bis
1319 2881 1363 2922 p.
1482 2871 1551 2909 12.
1585 2862 1818 2935 ἀνάλογον

269 2812 292 2851 1
342 2803 452 2864 τόν]
486 2820 575 2851 om.
608 2806 662 2851 V.
757 2812 798 2851 2.
834 2803 959 2851 ἐστίν
983 2806 1032 2850 F.
1125 2812 1164 2852 3.
1198 2804 1380 2864 λοιπός]
1405 2803 1572 2851 λοιπόν
1595 2822 1639 2863 p.
1735 2809 1822 2850 ΖΔ

149 2939 237 2970 om.
270 2925 377 2982 Vp,
410 2938 544 2970 euan.
577 2924 627 2970 F.
754 2931 823 2969 13.
858 2922 882 2969 5
918 2926 986 2984 Γ]
1019 2923 1074 2969 δέ
1106 2942 1156 2982 φ.
1280 2921 1304 2968 ὁ
1340 2926 1459 2969 Γ’-
1487 2930 1563 2969 14:
1597 2929 1647 2979 B,
1673 2807 1842 2982 ουτωὲ
