1988 3152
153 999 209 1039 10

153 1449 207 1488 15

152 1891 208 1931 20

151 2333 210 2373 25

245 77 315 129 12
874 77 1210 121 ΣΤΟΙΧΕΙΩΝ
1242 74 1302 121 ε’.

496 273 498 275 ,
1046 195 1119 266 ν’·

349 281 497 339 Ἐὰν
543 286 805 355 πρῶτον
854 286 1173 357 δευτέρου
1222 283 1439 348 ἰσάκις
1485 276 1521 355 ᾖ
1562 284 1930 340 πολλαπλά-

243 388 392 428 σιον
444 373 550 427 καὶ
603 377 832 443 τρίτον
886 373 1229 445 τετάρτου,
1291 374 1516 444 ληφθῇ
1581 371 1652 426 δὲ
1714 372 1931 439 ἰσάκις

242 460 706 516 πολλαπλάσια
759 465 877 517 τοῦ
931 484 996 517 τε
1050 460 1312 531 πρώτου
1364 460 1471 514 καὶ
1517 465 1770 531 τρίτου,
1823 462 1932 516 καὶ

245 546 329 603 δι’
389 555 539 604 ἴσου
601 552 732 605 τῶν
786 551 1185 621 ληφθέντων
1248 549 1559 620 ἑκάτερον
1619 550 1933 621 ἑκατέρου

243 635 462 701 ἰσάκις
508 641 690 692 ἔσται
737 636 1239 694 πολλαπλάσιον
1286 636 1355 692 τὸ
1398 636 1514 708 μὲν
1553 641 1669 693 τοῦ
1709 640 1933 694 δευτέ-

242 746 362 795 ρου
400 723 470 780 τὸ
513 725 582 781 δὲ
620 729 736 781 τοῦ
774 728 1106 797 τετάρτου.

353 817 594 883 Πρῶτον
646 812 753 886 γὰρ
800 814 864 870 τὸ
913 822 966 869 A
1013 815 1278 886 δευτέρου
1325 817 1425 869 τοῦ
1471 820 1518 869 Β
1568 814 1747 881 ἰσάκις
1793 819 1931 872 ἔστω

241 901 662 958 πολλαπλάσιον
709 903 803 956 καὶ
849 907 1040 971 τρίτον
1087 901 1149 957 τὸ
1189 907 1242 956 Γ
1273 902 1539 973 τετάρτου
1584 906 1685 958 τοῦ
1727 911 1799 973 A,
1838 905 1931 959 καὶ

242 988 499 1061 εἰλήφθω
547 994 660 1045 τῶν
700 998 779 1062 A,
805 995 858 1045 Γ
891 990 1071 1055 ἰσάκις
1109 993 1495 1046 πολλαπλάσια
1531 990 1598 1046 τὰ
1643 998 1773 1062 ΕΖ,
1797 998 1931 1048 ΗΘ·

240 1079 410 1149 λέγω,
450 1077 536 1134 ὅτι
577 1079 759 1145 ἰσάκις
799 1079 913 1135 ἐστὶ
945 1079 1370 1135 πολλαπλάσιον·
1397 1078 1459 1135 τὸ
1495 1085 1598 1134 ΕΖ
1628 1084 1730 1135 τοῦ
1760 1087 1808 1136 Β
1839 1082 1932 1136 καὶ

239 1165 303 1223 τὸ
342 1174 458 1223 ΗΘ
494 1171 597 1224 τοῦ
639 1178 707 1223 A.

349 1254 496 1311 Ἐπεὶ
547 1255 655 1328 γὰρ
705 1257 886 1322 ἰσάκις
941 1257 1055 1313 ἐστὶ
1102 1256 1524 1313 πολλαπλάσιον
1570 1255 1632 1312 τὸ
1681 1264 1785 1313 ΕΖ
1831 1262 1934 1314 τοῦ

240 1352 294 1399 A
340 1346 434 1400 καὶ
478 1344 542 1401 τὸ
585 1352 699 1400 ΗΘ
735 1349 838 1402 τοῦ
879 1350 949 1416 Γ,
990 1343 1096 1401 ὅσα
1137 1344 1246 1416 ἄρα
1286 1346 1438 1400 ἐστὶν
1477 1347 1538 1401 ἐν
1577 1349 1652 1422 τῷ
1694 1353 1796 1401 ΕΖ
1837 1353 1931 1403 ἴσα

242 1437 317 1509 τῷ
359 1442 436 1505 A,
476 1438 722 1490 τοσαῦτα
759 1435 852 1490 καὶ
893 1437 955 1491 έν
992 1438 1068 1511 τῷ
1109 1431 1222 1490 ΗΘ
1261 1442 1355 1490 ἰσα
1393 1438 1468 1511 τῷ
1510 1439 1568 1490 Γ.
1632 1435 1927 1508 διῃρήσθω

239 1520 303 1578 τὸ
351 1522 453 1594 μὲν
494 1529 598 1578 ΕΖ
631 1527 710 1589 εἰς
747 1522 814 1578 τὰ
853 1526 928 1599 τῷ
971 1532 1022 1578 Α
1061 1523 1269 1594 μεγέθη
1311 1529 1404 1578 ἴσα
1443 1521 1512 1577 τὰ
1544 1529 1683 1593 ΕΚ,
1708 1529 1835 1596 ΚΖ,
1867 1524 1929 1580 τὸ

242 1611 304 1666 δὲ
336 1617 451 1667 ΗΘ
482 1616 560 1678 εἰς
598 1610 665 1667 τὰ
705 1615 781 1685 τῷ
822 1616 876 1666 Γ
908 1618 1002 1667 ἴσα
1039 1610 1105 1667 τὰ
1139 1617 1277 1682 ΗΛ,
1303 1617 1431 1667 ΛΘ·
1488 1615 1638 1667 ἔσται
1687 1611 1757 1684 δὴ
1805 1619 1932 1670 ἴσον

238 1698 303 1755 τὸ
358 1704 578 1772 πλῆθος
615 1705 728 1757 τῶν
784 1706 1057 1770 ΕΚ,ΚΖ
1109 1704 1186 1777 τῷ
1226 1700 1432 1771 πλήθει
1479 1703 1593 1756 τῶν
1639 1706 1932 1771 ΗΛ,ΛΘ.

240 1790 334 1845 καὶ
383 1790 498 1845 ἐπεὶ
548 1789 728 1855 ἰσάκις
776 1790 890 1845 ἐστὶ
937 1789 1356 1845 πολλαπλάσιον
1402 1788 1463 1844 τὸ
1514 1797 1566 1844 Α
1611 1792 1714 1844 τοῦ
1753 1796 1800 1844 Β
1839 1791 1933 1845 καὶ

241 1877 304 1934 τὸ
346 1883 400 1934 Γ
430 1882 533 1934 τοῦ
574 1886 653 1949 A,
703 1885 829 1934 ἴσον
870 1878 931 1934 δὲ
971 1877 1032 1934 τὸ
1073 1878 1178 1948 μὲν
1217 1883 1332 1933 ΕΚ
1368 1881 1442 1953 τῷ
1484 1886 1561 1947 Α,
1608 1876 1671 1934 τὸ
1714 1878 1776 1933 δὲ
1814 1885 1934 1934 ΗΛ

240 1970 315 2043 τῷ
358 1972 429 2036 Γ,
478 1966 658 2032 ἰσάκις
704 1965 814 2038 ἄρα
862 1967 975 2022 ἐστὶ
1023 1965 1442 2023 πολλαπλάσιον
1488 1965 1550 2021 τὸ
1594 1972 1708 2021 ΕΚ
1744 1970 1845 2022 τοῦ
1883 1973 1932 2022 Β

239 2055 333 2110 καὶ
380 2054 442 2111 τὸ
491 2061 611 2110 ΗΛ
665 2058 766 2111 τοῦ
823 2062 891 2111 A.
977 2053 1072 2110 διὰ
1118 2052 1184 2110 τὰ
1244 2051 1385 2110 αὐτὰ
1443 2054 1512 2127 δὴ
1579 2054 1761 2120 ἰσάκις
1816 2057 1931 2111 ἐστὶ

240 2143 660 2199 πολλαπλάσιον
699 2141 761 2198 τὸ
803 2148 913 2197 ΚΖ
951 2146 1053 2199 τοῦ
1092 2149 1139 2198 Β
1172 2143 1264 2198 καὶ
1303 2141 1367 2198 τὸ
1402 2149 1509 2198 ΛΘ
1539 2146 1641 2198 τοῦ
1674 2150 1742 2198 A.
1816 2144 1929 2199 ἐπεὶ

242 2225 348 2287 οὖν
380 2235 604 2303 πρῶτον
634 2230 696 2287 τὸ
731 2237 845 2286 ΕΚ
876 2233 1142 2301 δευτέρου
1173 2235 1275 2286 τοῦ
1308 2237 1355 2285 Β
1381 2230 1563 2295 ἰσάκις
1594 2231 1708 2286 ἐστὶ
1732 2238 1931 2287 πολλα-

241 2319 482 2376 πλάσιον
520 2320 613 2375 καὶ
652 2324 842 2392 τρίτον
880 2318 942 2375 τὸ
982 2324 1101 2374 ΗΛ
1140 2320 1405 2390 τετάρτου
1451 2321 1554 2374 τοῦ
1594 2326 1674 2389 Δ,
1715 2323 1830 2375 ἔστι
1870 2321 1933 2377 δὲ

238 2409 332 2464 καὶ
385 2409 632 2479 πέμπτον
679 2406 742 2464 τὸ
790 2413 901 2462 ΚΖ
950 2408 1215 2478 δευτέρου
1259 2410 1360 2462 τοῦ
1409 2413 1456 2462 Β
1505 2406 1686 2474 ἰσάκις
1731 2415 1933 2465 πολλα-

239 2495 479 2552 πλάσιον
518 2496 612 2551 καὶ
651 2498 812 2552 ἕκτον
851 2494 914 2552 τὸ
957 2501 1064 2550 ΛΘ
1102 2495 1368 2568 τετάρτου
1405 2498 1508 2551 τοῦ
1549 2503 1629 2566 Δ,
1667 2497 1760 2551 καὶ
1801 2513 1933 2554 συν-

362 2636 403 2674 4.
436 2630 508 2689 τε]
542 2644 632 2675 om.
666 2629 811 2687 BVp.
934 2634 1004 2674 10.
1038 2626 1346 2686 εἰλήφθωσαν
1377 2644 1421 2686 p.
1547 2634 1614 2673 11.
1650 2625 1803 2680 ἰσάκις
1836 2626 1934 2674 ἐστὶ

240 2686 609 2748 πολλαπλάσιον]
654 2685 942 2734 ὁσαπλάσιον
981 2688 1030 2734 Ρ.
1183 2688 1247 2760 B]
1280 2687 1444 2791 intres
1476 2688 1588 2791 Em
1634 2683 1929 2805 τόῇ4ᾦὲσ2τίῆ]

241 2763 381 2858 sugg
399 2749 477 2864 Ξά]
511 2748 910 2851 ἰξσῖἐε.ωῑ·ιι.22Ρ.ἶΤ.
961 2748 1175 2865 15Ξοῒιιδὲ
1194 2749 1368 2864 {grizo
1395 2782 1535 2863 sfipra
1556 2820 1618 2850 m.
1645 2810 1671 2849 2
1698 2782 1847 2862 corfip.
1879 2783 1930 2851 V.

300 2871 369 2911 22.
406 2862 530 2911 ἐστίν
562 2865 608 2911 P.
734 2871 804 2911 23.
837 2866 922 2910 τοῦ
954 2867 1018 2925 Δ]
1051 2869 1219 2923 postea
1251 2865 1354 2910 add.
1387 2865 1437 2910 F.
1559 2869 1629 2909 25.
1664 2861 1787 2909 ἐστίν
1818 2864 1868 2908 Ρ.
