1988 3152
148 1178 203 1218 10

146 1622 199 1661 15

143 2067 198 2107 20

140 2512 196 2551 25

242 168 350 222 146
641 194 648 201 -
878 172 1215 216 ΣΤοῙΧΕῙΩΝ
1246 170 1312 216 ς’.

240 291 377 344 ἔστω
425 293 625 360 μείζων
671 286 706 360 ἡ
754 294 869 344 ΡΠ
909 293 1005 361 τῆς
1050 295 1178 346 ΘΗ.
1262 291 1355 346 καὶ
1402 293 1524 347 ἐπεί
1573 293 1724 347 ἐστιν
1772 291 1846 359 ὡς
1898 292 1934 366 ἡ

239 382 354 432 ΡΠ
400 376 540 450 πρὸς
592 381 738 448 ΠΣ,
802 375 978 444 οὕτως
1039 376 1073 450 ἡ
1122 385 1244 435 ΘΗ
1287 380 1424 452 πρὸς
1476 379 1580 452 τὴν
1635 386 1784 451 ΗΝ,
1841 382 1935 437 καὶ

240 465 493 535 ἐναλλάξ,
533 463 609 531 ὡς
646 488 681 537 η
722 471 837 522 ΡΠ
868 466 1008 539 πρὸς
1038 466 1140 539 τὴν
1174 474 1310 539 ΘΗ,
1351 466 1528 534 οὕτως
1566 466 1600 540 ἡ
1641 475 1764 525 ΠΣ
1798 491 1938 543 προς

237 554 340 625 τὴν
395 559 544 626 ΗΝ,
599 560 799 626 μείζων
855 556 916 612 δὲ
969 554 1003 628 ἡ
1059 563 1175 612 ΠΡ
1221 561 1318 629 τῆς
1372 563 1509 627 ΘΗ,
1571 563 1770 629 μείζων
1826 557 1937 631 ἄρα

236 643 328 698 καὶ
368 641 403 714 ἡ
443 648 568 699 ΠΣ
600 647 698 715 τῆς
736 650 880 700 ΗΝ·
922 643 1061 701 ὥστε
1099 646 1193 701 καὶ
1232 644 1294 701 τὸ
1328 651 1436 700 ΡΣ
1465 645 1654 718 μεῖζόν
1687 649 1801 703 ἐστι
1833 650 1936 704 τοῦ

238 738 365 789 ΘΝ.
434 731 575 789 ἀλλὰ
606 733 699 789 καὶ
734 740 882 790 ἴσον·
924 732 1058 807 ὅπερ
1091 733 1393 790 ἀδύνατον.
1466 732 1568 791 οὐκ
1600 734 1710 809 ἄρα
1742 734 1937 802 ἄνισός

237 823 388 877 ἐστιν
427 818 461 893 ἡ
502 827 617 877 ΠΡ
648 824 714 895 τῇ
754 828 887 878 ΗΘ·
929 829 1020 894 ἴση
1061 822 1190 895 ἄρα·
1232 822 1365 896 ὅπερ
1407 827 1519 880 ἔδει
1561 825 1773 894 ὃεῖξαι.]

1034 993 1103 1042 κγ
1128 1015 1139 1027 .

355 1071 441 1128 Τὰ
469 1073 788 1145 ἰσογώνια
812 1074 1465 1147 παραλληλόγραμμα
1490 1074 1652 1147 πρὸς
1683 1073 1932 1146 ἄλληλα

234 1161 437 1233 λόγον
484 1165 616 1234 ἔχει
662 1161 780 1218 τὸν
827 1167 1263 1234 συγκείμενον
1311 1164 1378 1219 ἐκ
1431 1166 1560 1219 τῶν
1614 1167 1934 1236 πλευρῶν.

331 1250 513 1307 ’Έστω
546 1250 816 1322 ἰσογώνια
852 1250 1401 1324 παραλληλόγραμμα
1429 1250 1496 1307 τὰ
1527 1259 1581 1307 A
1591 1257 1653 1323 Γ,
1678 1257 1779 1307 ΓΖ
1805 1260 1934 1324 ἴσην

234 1343 433 1412 ἔχοντα
478 1337 582 1410 τὴν
629 1336 739 1395 ὑπὸ
787 1344 955 1395 ΒΓΔ
1007 1344 1221 1411 γωνίαν
1266 1343 1332 1413 τῇ
1380 1338 1489 1396 ὑπὸ
1538 1345 1730 1396 ΕΓΗ·
1771 1341 1933 1412 λέγω,

234 1425 320 1484 ὅτι
358 1426 422 1483 τὸ
461 1432 577 1483 ΑΓ
607 1427 1190 1501 παραλληλόγραμμον
1236 1427 1374 1501 πρὸς
1411 1427 1473 1485 τὸ
1516 1434 1617 1484 ΓΖ
1655 1436 1934 1500 παραλλη-

232 1514 561 1589 λόγραμμον
591 1516 766 1588 λόγον
798 1520 907 1589 ἔχει
931 1515 1031 1573 τὸν
1057 1521 1422 1589 συγκείμενον
1448 1519 1507 1573 ἐκ
1530 1520 1644 1573 τῶν
1660 1521 1931 1590 πλευρῶν.

345 1609 576 1662 Κείσθω
623 1604 732 1678 γὰρ
780 1603 920 1660 ὥστε
967 1601 1053 1661 ἐπ’
1106 1602 1331 1672 εὐθείας
1377 1603 1521 1661 εἶναι
1568 1603 1671 1677 τὴν
1719 1610 1827 1661 ΒΓ
1867 1609 1932 1679 τῇ

231 1698 364 1750 ΓΗ·
421 1693 503 1750 ἐπ’
554 1692 781 1761 εὐθείας
827 1693 937 1767 ἄρα
983 1694 1099 1750 ἐστὶ
1144 1696 1237 1751 καὶ
1283 1692 1318 1766 ἡ
1366 1700 1484 1750 ΛΓ
1522 1698 1589 1768 τῇ
1638 1699 1757 1751 ΓΕ.
1841 1695 1933 1750 καὶ

233 1783 731 1855 συμπεπληρώσθω
778 1782 842 1839 τὸ
884 1789 1014 1838 ΔΗ
1053 1783 1664 1856 παραλληλόγραμμον,
1710 1783 1803 1838 καὶ
1851 1785 1934 1839 ἐκ-

230 1875 440 1928 κείσθω
479 1892 561 1938 τις
600 1869 797 1927 εὐθεῖα
837 1869 871 1943 ἡ
912 1877 991 1942 Κ,
1042 1872 1134 1927 καὶ
1184 1873 1457 1943 γεγονέτω
1499 1870 1574 1938 ὥς
1613 1871 1715 1943 μὲν
1755 1869 1789 1943 ἡ
1829 1875 1940 1927 ΒΓ

230 1959 370 2033 πρὸς
407 1958 511 2032 τὴν
550 1964 680 2030 ΓΗ,
721 1951 897 2026 οὕτως
935 1958 969 2031 ἡ
1010 1965 1068 2015 K
1102 1958 1242 2033 πρὸς
1279 1959 1383 2031 τὴν
1423 1965 1493 2030 Λ,
1534 1957 1608 2026 ὥς
1648 1959 1710 2015 δὲ
1749 1957 1784 2031 ἡ
1822 1965 1940 2015 ΔΓ

229 2048 368 2122 πρὸς
406 2047 509 2120 τὴν
548 2053 676 2121 ΓΕ,
720 2047 896 2115 οὕτως
934 2046 968 2120 ἡ
1009 2054 1061 2103 A
1099 2047 1237 2121 πρὸς
1274 2046 1377 2120 τὴν
1420 2055 1498 2105 Μ

347 2141 421 2193 Οἱ
462 2136 571 2211 ἄρα
618 2137 779 2210 λόγοι
826 2141 924 2209 τῆς
968 2159 1026 2193 τε
1074 2142 1131 2192 Κ
1176 2135 1316 2210 πρὸς
1360 2135 1463 2209 τὴν
1505 2142 1556 2191 Λ
1593 2137 1686 2193 καὶ
1733 2139 1830 2208 τῆς
1878 2141 1930 2191 Λ

230 2225 369 2302 πρὸς
414 2226 518 2298 τὴν
558 2233 631 2282 Μ
663 2230 722 2282 os
765 2225 932 2283 αὐτοί
966 2229 1073 2282 εἰσι
1111 2237 1228 2291 τοῖς
1274 2224 1464 2296 λόγοις
1501 2228 1614 2281 τῶν
1653 2228 1929 2297 πλευρῶν,

229 2319 325 2388 τῆς
362 2319 570 2393 τεηΒΓ
599 2314 738 2388 πρὸς
776 2314 880 2387 τὴν
920 2319 1039 2387 ΓΗ
1068 2314 1162 2369 καὶ
1201 2316 1299 2385 τῆς
1339 2317 1457 2368 ΛΓ
1486 2313 1627 2386 πρὸς
1665 2312 1771 2384 τὴν
1814 2318 1931 2368 ΓΕ.

230 2403 351 2461 ἀλλ’
414 2402 443 2460 ὁ
497 2406 594 2475 τῆς
646 2410 704 2459 Κ
755 2403 896 2478 πρὸς
948 2409 1023 2459 Μ
1067 2402 1236 2474 λόγος
1283 2400 1566 2473 σύγκειται
1614 2405 1672 2457 ἔκ
1719 2423 1775 2457 τε
1828 2404 1930 2461 τοῦ

228 2497 325 2566 τῆς
374 2499 432 2549 Κ
475 2490 614 2564 πρὸς
652 2498 703 2547 A
742 2491 918 2562 λόγου
962 2492 1055 2547 καὶ
1102 2493 1205 2547 τοῦ
1252 2493 1350 2561 τῆς
1389 2496 1440 2545 Λ
1479 2488 1617 2562 πρὸς
1655 2495 1741 2544 Μ·
1790 2489 1930 2545 ὥστε

229 2583 322 2638 καὶ
376 2580 410 2654 ἡ
459 2587 515 2637 Κ
556 2581 697 2653 πρὸς
743 2579 848 2653 τὴν
895 2586 961 2636 Μ
1011 2579 1186 2651 λόγον
1242 2583 1350 2651 ἔχει
1403 2576 1504 2635 τὸν
1560 2582 1930 2650 συγκείμενον

301 2686 515 2761 “xxm
549 2715 713 2761 Theon
742 2715 793 2759 in
822 2713 1019 2758 Ptolem.
1045 2728 1091 2770 p.
1118 2718 1219 2759 235.
1280 2713 1443 2758 Eutoc.
1467 2711 1518 2756 in
1541 2711 1755 2769 Aponon.
1780 2726 1826 2769 p.
1853 2715 1925 2769 32,

227 2776 291 2820 id.
323 2775 373 2819 in
405 2774 672 2821 Archimed.
706 2774 771 2818 III
801 2789 846 2831 p.
880 2778 981 2829 236,
1014 2778 1084 2819 23.

351 2915 391 2956 1.
416 2910 585 2966 μείζων
605 2935 658 2940 -
676 2913 725 2952 4:
752 2908 921 2965 μείζων
938 2904 1051 2966 ἄρα]
1068 2906 1227 2951 insert.
1251 2904 1300 2949 in
1315 2919 1404 2950 ras.
1422 2904 1473 2950 F.
1570 2909 1608 2950 1.
1626 2903 1749 2962 PH]
1768 2904 1862 2947 ΠΡ
1874 2903 1924 2949 Ρ.
1984 2928 1988 2939 ·

230 2974 271 3014 2.
305 2968 423 3027 PH]
458 2970 551 3012 ΠΡ
580 2968 628 3013 Ρ.
691 2964 777 3023 τὴν
810 2968 910 3011 ΠΣ
946 2966 999 3012 V.
1152 2962 1269 3023 πρὸς
1300 2960 1407 3023 τήν]
1439 2959 1556 3020 πρός
1593 2962 1730 3020 BFp.
1883 2967 1925 3008 3.
1985 2959 1988 3012 ]
