1988 3152
228 85 300 139 48
861 84 1196 128 ΣΤΟΙΧΕΙΩΝ
1229 99 1250 128 ε
1262 80 1288 128 ’.

228 209 291 273 Γ,
332 210 387 260 Δ
426 202 591 274 ἄλλα,
632 200 666 257 ἃ
709 207 924 274 ἔτυχεν,
965 201 1145 268 ἰσάκις
1182 200 1587 257 πολλαπλάσια·
1631 203 1780 254 ἔστιν
1814 197 1922 271 ἄρα

231 290 306 358 ὡς
343 291 404 348 τὸ
445 301 499 347 A
536 290 675 363 πρός
713 290 774 346 τὸ
816 295 880 362 Γ,
921 289 1099 356 οὕτως
1135 289 1197 346 τὸ
1239 296 1286 345 Β
1327 288 1466 362 πρὸς
1503 288 1566 344 τὸ
1609 295 1678 344 Δ.

335 379 471 435 Ἐὰν
517 378 627 450 ἄρα
672 379 910 451 τέσσαρα
954 379 1162 450 μεγέθη
1204 377 1487 448 ἀνάλογον
1525 370 1589 450 ᾗ,
1635 375 1726 430 καὶ
1768 376 1923 430 ε’ναλ-

231 467 331 535 λὰξ
371 466 656 538 ἀνάλογον
697 470 870 522 ἔσται·
927 465 1062 539 ὅπερ
1103 469 1215 522 ἔδει
1257 466 1446 531 δεῖξαι.

172 641 198 681 5
1035 627 1128 695 ιζ’.

339 730 484 788 Ἐὰν
550 736 948 803 συγκείμενα
1002 732 1248 802 μεγέθη
1305 727 1640 801 ἀνάλογον
1694 722 1756 802 ᾖ,
1818 730 1924 784 καὶ

234 821 665 893 διαιρεθέντα
704 819 1043 891 άνάλογον
1083 824 1282 876 ἔσται.

329 907 510 964 ’Ἑστω
566 913 900 979 συγκείμενα
946 908 1156 979 μεγέθη
1203 905 1486 979 ἀνάλογον
1525 905 1592 962 τὰ
1631 913 1764 977 ΑΒ,
1804 912 1928 976 ΒΕ,

232 1002 353 1068 ΓΔ,
395 1003 524 1068 ΔΖ,
564 995 640 1064 ὥς
676 996 739 1053 τὸ
774 1003 882 1052 ΑΒ
921 995 1064 1067 πρὸς
1099 994 1162 1051 τὸ
1188 1002 1314 1066 ΒΕ,
1355 994 1531 1061 οὕτως
1568 994 1631 1051 τὸ
1657 1000 1761 1051 ΓΔ
1791 993 1931 1065 πρὸς

147 1097 201 1137 10
232 1083 294 1142 τὸ
337 1092 469 1141 ΔΖ·
532 1087 701 1157 λέγω,
750 1083 835 1141 ὅτι
881 1085 973 1140 καὶ
1024 1086 1380 1157 διαιρεθέντα
1427 1083 1711 1155 ἀνάλογον
1758 1087 1929 1154 ἔσται,

234 1172 309 1240 ὡς
358 1173 421 1230 τὸ
462 1181 577 1229 ΑΕ
619 1172 759 1247 πρὸς
796 1172 859 1229 τὸ
902 1179 1025 1244 ΕΒ,
1066 1171 1243 1239 οὕτως
1280 1170 1344 1228 τὸ
1385 1176 1488 1227 ΓΖ
1527 1171 1664 1245 πρὸς
1701 1175 1763 1228 τὸ
1806 1177 1930 1227 ΛΖ.

345 1262 624 1334 Εἰλήφθω
671 1260 778 1335 γὰρ
817 1264 930 1323 τῶν
969 1262 1072 1333 μὲν
1110 1267 1239 1331 ΑΕ,
1280 1267 1404 1331 ΕΒ,
1443 1266 1563 1332 ΓΖ,
1604 1267 1715 1316 ΖΔ
1754 1260 1934 1326 ἰσάκις

234 1353 617 1408 πολλαπλάσια
661 1351 729 1406 τὰ
778 1357 918 1422 ΗΘ,
958 1356 1287 1421 ΘΚ,,ΛΜ,
1328 1355 1482 1420 ΜΝ,
1535 1353 1650 1405 τῶν
1698 1349 1761 1405 δὲ
1807 1355 1931 1419 ΕΒ,

237 1447 347 1496 ΖΔ
386 1439 546 1511 ἄλλα,
587 1437 622 1494 ἃ
657 1443 866 1512 ἔτυχεν,
907 1438 1087 1505 ἰσάκις
1117 1438 1504 1495 πολλαπλάσια
1534 1436 1602 1494 τὰ
1634 1441 1760 1508 ΚΞ,
1794 1443 1932 1493 ΝΠ.

147 1538 203 1579 15
347 1529 462 1584 Καὶ
519 1528 634 1583 ἐπεὶ
687 1527 867 1594 ἰσάκις
918 1529 1033 1584 ἐστὶ
1083 1527 1502 1584 πολλαπλάσιον
1553 1525 1627 1582 τὰ
1669 1532 1782 1582 ΗΘ
1830 1529 1931 1582 τοῦ

234 1623 350 1672 ΑΕ
392 1617 485 1672 καὶ
524 1615 586 1672 τὸ
627 1622 740 1671 ΘΚ
775 1620 877 1672 τοῦ
918 1623 1050 1688 ΕΒ,
1099 1617 1280 1683 ἰσάκις
1318 1615 1427 1689 ἄρα
1467 1617 1582 1672 ἐστὶ
1619 1614 1934 1671 πολλαπλά-

237 1722 363 1762 σιον
408 1704 471 1762 τὸ
519 1711 634 1761 ΗΘ
678 1709 780 1761 τοῦ
828 1711 944 1761 ΑΕ
985 1706 1078 1761 καὶ
1124 1705 1187 1762 τὸ
1243 1711 1366 1761 ΗΚ
1409 1708 1510 1761 τοῦ
1550 1710 1675 1760 ΑΒ.
1753 1704 1934 1770 ἰσάκις

238 1795 304 1850 δέ
351 1796 465 1850 ἐστι
515 1794 935 1851 πολλαπλάσιον
984 1793 1047 1850 τὸ
1096 1799 1211 1851 ΗΘ
1258 1797 1360 1850 τοῦ
1407 1800 1522 1849 ΑΕ
1562 1794 1656 1849 καὶ
1703 1793 1766 1851 τὸ
1807 1798 1943 1849 AM

236 1886 339 1938 τοῦ
379 1887 500 1939 ΓΖ·
566 1883 746 1949 ἰσάκις
793 1882 902 1954 ἄρα
949 1882 1063 1938 ἐστὶ
1110 1881 1528 1938 πολλαπλάσιον
1570 1881 1632 1938 τὸ
1674 1887 1799 1937 ΗΚ
1833 1883 1932 1936 vos

149 1980 206 2021 20
240 1978 349 2027 ΑΒ
404 1972 497 2028 καὶ
547 1972 610 2028 τὸ
659 1978 793 2028 AM
835 1974 937 2027 τοῦ
983 1976 1098 2027 ΓΖ.
1175 1969 1370 2042 πάλιν,
1423 1971 1539 2027 ἐπεὶ
1590 1970 1769 2036 ἰσάκις
1820 1969 1934 2025 ἐστὶ

236 2059 656 2116 πολλαπλάσιον
702 2059 765 2116 τὸ
806 2065 940 2115 ΛΜ
977 2063 1080 2115 τοῦ
1119 2064 1220 2115 ΓΖ
1258 2059 1350 2114 καὶ
1389 2058 1451 2115 τὸ
1492 2064 1631 2114 ΜΝ
1662 2060 1764 2114 τοῦ
1804 2064 1934 2128 ΖΔ,

239 2148 420 2215 ἰσάκις
474 2148 584 2221 ἄρα
631 2150 745 2205 ἐστὶ
791 2148 1212 2204 πολλαπλάσιον
1258 2146 1320 2203 τὸ
1370 2153 1507 2203 ΛΜ
1543 2151 1646 2203 τοῦ
1693 2151 1795 2202 ΓΖ
1841 2146 1934 2202 καὶ

237 2236 300 2292 τὸ
342 2243 468 2292 ΛΝ
498 2241 599 2292 τοῦ
637 2242 755 2293 ΓΛ.
819 2236 999 2302 ἰσάκις
1038 2235 1100 2292 δὲ
1138 2230 1212 2308 ἦν
1250 2235 1671 2292 πολλαπλάσιον
1710 2235 1774 2291 τὸ
1809 2240 1943 2290 ΛΜ

237 2327 341 2379 τοῦ
379 2329 480 2380 ΓΖ
526 2325 619 2380 καὶ
665 2323 728 2381 τὸ
770 2331 894 2380 ΗΚ
936 2327 1039 2380 τοῦ
1078 2330 1209 2380 ΑΒ·
1273 2324 1453 2391 ἰσάκις
1498 2323 1607 2394 ἄρα
1652 2323 1766 2380 ἐστὶ
1805 2329 1934 2379 πολ-

150 2420 207 2462 25
239 2413 550 2470 λαπλάσιον
595 2413 658 2469 τὸ
700 2419 825 2470 HK
859 2416 962 2469 τοῦ
1001 2419 1109 2468 ΑΒ
1148 2413 1241 2468 καὶ
1278 2411 1341 2469 τὸ
1383 2419 1508 2470 ΛΝ
1538 2421 1639 2470 τοῦ
1678 2416 1796 2468 ΓΔ.
1866 2409 1933 2465 τὰ

240 2508 378 2574 ΗΚ,
419 2509 544 2558 ΛΝ
577 2502 685 2575 ἄρα
723 2506 838 2559 τῶν
860 2509 986 2574 ΑΒ,
1020 2507 1124 2558 ΓΛ
1163 2501 1343 2568 ἰσάκις
1381 2503 1497 2558 ἐστὶ
1535 2499 1933 2557 πολλαπλάσια.

364 2687 404 2725 1.
435 2677 490 2739 ἅ]
533 2693 675 2738 supra
712 2696 773 2725 m.
814 2684 841 2725 2
881 2679 932 2723 F.
1078 2684 1148 2724 11.
1181 2679 1292 2736 ΕΒ]
1334 2680 1422 2722 ΒΕ
1459 2677 1561 2735 Bp,
1603 2679 1651 2722 ef,
1681 2676 1724 2720 V
1756 2690 1781 2721 e
1814 2689 1930 2722 corr.

302 2736 355 2783 τὸ
390 2740 495 2797 ΔΖ]
535 2737 588 2784 τὸ
635 2743 722 2783 ΖΔ
763 2738 820 2796 F,
858 2738 901 2783 V
946 2753 1006 2781 m.
1041 2743 1089 2793 23
1132 2741 1220 2782 ΔΖ
1250 2738 1302 2781 Ρ.
1448 2742 1517 2781 12.
1559 2737 1668 2795 ΕΒ]
1703 2750 1842 2793 supra
1872 2750 1932 2779 m.

245 2802 271 2843 2
304 2797 352 2842 F.
479 2803 547 2843 17.
582 2799 705 2856 HK]
741 2801 790 2841 H
818 2798 867 2843 in
897 2811 989 2842 ras.
1021 2812 1082 2843 m.
1119 2802 1141 2841 1
1177 2797 1230 2842 V.
1354 2796 1461 2855 AB]
1486 2799 1522 2839 A
1548 2810 1572 2840 e
1599 2809 1714 2841 corr.
1739 2810 1799 2838 m.
1827 2799 1853 2838 2
1877 2794 1933 2838 V.

307 2862 375 2901 18.
416 2858 546 2915 ΛΜ]
588 2857 638 2901 in
676 2872 763 2903 ras.
804 2872 864 2902 m.
907 2862 933 2901 2
972 2856 1029 2901 V.
1183 2861 1254 2903 19.
1295 2855 1400 2914 ΓΖ]
1442 2858 1486 2899 Γ
1519 2855 1568 2900 in
1604 2869 1693 2899 ras.
1725 2869 1784 2898 m.
1820 2858 1846 2898 2
1879 2853 1934 2897 V.
