1988 3152
518 76 978 118 ELEMENTORUM
1008 76 1188 118 LIBER
1220 77 1271 119 v.
1333 58 1337 61 ’
1694 75 1766 129 23

77 197 364 266 multiplex
418 196 511 264 sit,
573 213 740 265 aeque
794 195 1150 263 multiplicem
1211 213 1328 248 esse
1384 198 1496 247 ΘΛ
1558 198 1766 266 magni-

76 285 282 340 tudinis
324 288 383 338 Z.

186 373 337 443 Ergo
379 373 426 425 si
457 373 592 425 duae
630 371 1035 443 magnitudines
1068 371 1296 424 duarum
1327 371 1766 443 magnitudinum

78 479 247 531 aeque
294 460 623 529 multiplices
671 462 820 528 sunt,
867 462 922 512 et
968 459 1185 512 ablatae
1225 461 1447 528 quaeuis
1495 461 1765 531 magnitu-

82 551 234 603 dines
275 550 566 602 earundem
599 567 765 617 aeque
797 548 1127 617 multiplices
1154 550 1298 617 sunt,
1338 549 1506 602 etiam
1527 550 1766 619 reliquae

73 638 265 691 iisdem
330 642 425 691 aut
485 638 733 707 aequales
797 640 923 690 sunt
977 639 1072 689 aut
1127 655 1295 706 aeque
1350 656 1536 691 earum
1584 639 1766 691 multi-

75 728 265 798 plices;
306 727 449 797 quod
488 730 606 779 erat
645 725 1140 779 demonstrandum.
1724 714 1727 715 ⁷

852 872 972 925 VII.

186 963 454 1033 Aequalia
509 963 576 1015 ad
643 962 785 1014 idem
841 962 1065 1015 eandem
1124 963 1328 1016 habent
1381 964 1648 1016 rationem
1712 966 1766 1016 et

73 1051 216 1104 idem
256 1052 324 1104 ad
364 1052 625 1121 aequalia.

186 1141 309 1194 Sint
365 1142 617 1210 aequales
678 1140 1079 1211 magnitudines
1128 1146 1204 1207 A,
1237 1144 1284 1193 Β
1326 1143 1386 1193 et
1445 1140 1555 1193 alia
1602 1159 1764 1209 quaea

71 1247 255 1285 siff—1
355 1247 923 1286 A1—-—³———1——1—3
1046 1229 1130 1282 uis
1163 1229 1480 1299 magnitudo
1514 1230 1573 1282 Γ.
1630 1227 1764 1296 dico,

72 1333 129 1373 Β
126 1347 277 1394 1—¹-
356 1333 397 1373 Ε
413 1344 923 1373 =÷1—-—-†———1
1046 1321 1331 1388 utramque
1419 1317 1752 1387 magnitudi-

74 1422 133 1463 r÷
286 1435 289 1461 ;
360 1422 417 1462 Ζι
1045 1424 1171 1458 nem
1196 1411 1266 1474 A,
1292 1410 1339 1459 Β
1365 1405 1434 1459 ad
1467 1405 1760 1461 Feandem

71 1496 337 1549 rationem
375 1496 596 1563 habere,
639 1499 694 1548 et
732 1497 784 1547 Γ
817 1495 884 1547 ad
923 1498 1208 1565 utramque
1249 1500 1318 1563 A,
1351 1500 1413 1548 Β.

184 1587 467 1637 sumantur
513 1584 655 1637 enim
703 1584 1141 1653 magnitudinum
1182 1589 1251 1652 A,
1277 1589 1323 1638 Β
1372 1602 1539 1653 aeque
1579 1584 1763 1637 multi·

72 1673 238 1742 plices
281 1677 361 1741 A,
395 1677 468 1740 E,
517 1677 570 1725 et
620 1672 1012 1743 magnitudinis
1064 1675 1117 1725 Γ
1157 1673 1264 1726 alia
1313 1673 1536 1742 quaeuis
1584 1673 1763 1725 multi-

75 1761 198 1830 plex
238 1765 297 1815 Z.
358 1762 468 1814 iam
509 1762 763 1832 quoniam
798 1765 853 1813 A
877 1761 1268 1832 magnitudinis
1309 1767 1362 1814 A
1387 1764 1442 1815 et
1467 1765 1520 1814 Ε
1555 1762 1775 1832 magni-'

71 1849 276 1903 tudinis
315 1853 363 1902 B
403 1869 571 1921 aeque
610 1851 896 1920 multiplex
935 1853 1038 1920 est,
1079 1854 1133 1903 et
1171 1855 1223 1903 A
1249 1876 1318 1894 =
1343 1854 1415 1920 Β,
1457 1851 1558 1904 erit
1597 1851 1763 1904 etiam

75 1943 130 1990 A
154 1964 224 1981 =
250 1942 312 1991 E.
374 1942 429 1991 et
477 1939 582 1991 alia
621 1939 842 2008 quaeuis
884 1939 1202 2009 magnitudo
1245 1943 1327 1992 est
1369 1943 1427 1993 Z.
1489 1940 1672 2009 itaque
1714 1939 1762 1992 si

76 2031 131 2078 A
170 2026 596 2095 magnitudinem
621 2031 666 2078 Z
699 2030 929 2096 superat,
969 2028 1135 2079 etiam
1168 2031 1220 2079 E
1250 2028 1682 2097 magnitudinem
1715 2031 1760 2079 Z

72 2117 316 2182 superat,
379 2117 433 2166 et
486 2114 533 2166 si
596 2116 857 2184 aequali8‚
920 2115 1162 2185 aequalis
1219 2118 1323 2185 est,
1387 2119 1441 2169 et
1487 2117 1532 2169 si
1580 2117 1759 2169 minor

73 2201 262 2253 minor.
325 2204 378 2253 et
416 2202 849 2271 magnitudinum
881 2208 952 2270 A,
977 2207 1024 2255 Β
1059 2221 1226 2272 aeque
1266 2205 1591 2274 multiplices
1633 2208 1761 2257 sunt

569 1434 573 1462 1

74 2294 149 2357 A,
181 2292 254 2356 E,
303 2292 357 2341 et
397 2292 442 2340 Z
491 2290 883 2360 magnitudinis
924 2293 978 2344 Γ
1021 2292 1131 2345 alia
1178 2294 1401 2363 quaeuis
1442 2297 1524 2346 est
1573 2294 1757 2346 multi·

71 2378 208 2447 plex.
264 2378 367 2430 erit
406 2377 574 2447 igitur

569 2469 1256 2538 A2F=B:F[def.5].

180 2553 316 2623 dice,
363 2555 526 2608 etiam
574 2560 626 2608 E
669 2557 736 2610 ad
782 2560 1067 2627 utramque
1114 2559 1541 2630 magnitudinem
1589 2564 1663 2628 A,
1711 2564 1758 2612 Β

69 2642 291 2695 eandem
330 2645 594 2698 rationem
633 2645 849 2700 habere.

65 2802 183 2835 corr.
215 2805 260 2847 p.
391 2795 461 2835 21.
499 2790 552 2848 Z]
587 2793 671 2834 EZ
694 2791 743 2835 F.
867 2797 937 2838 22.
977 2788 1024 2852 ὅ]
1067 2808 1155 2839 om.
1196 2795 1252 2846 F;
1295 2795 1398 2840 add.
1448 2810 1508 2841 m.
1550 2800 1575 2839 2
1625 2809 1756 2840 euan.

69 2845 200 2905 ἔτυχε
235 2848 329 2905 Vp.
453 2847 598 2908 ἔστιν]
630 2850 703 2895 bis
735 2850 782 2894 P.
908 2857 977 2897 24.
1012 2850 1099 2912 δή]
1137 2868 1224 2899 om.
1259 2855 1308 2899 P.
