1988 3152
538 80 999 122 ELEMENTORUM
1026 81 1210 122 LIBER
1239 81 1341 122 VII.
1684 78 1791 131 195

91 198 340 266 metitur,
392 198 557 251 etiam
603 201 670 250 H
700 198 926 251 metitur
965 202 1086 253 ΒΕ.
1162 217 1352 252 uerum
1401 198 1567 252 etiam
1613 201 1792 252 totum

90 290 200 339 BA
250 286 487 338 meffitur.
581 305 747 356 quare
805 286 971 339 etiam
1024 287 1292 355 reliquum
1346 290 1401 338 A
1410 290 1463 339 E
1521 287 1790 358 mefiiessur.

94 374 187 428 sed
225 378 342 427 AE
377 375 600 427 meizitur
639 379 695 426 A
705 378 764 427 Z.
845 393 1009 444 quare
1058 375 1224 428 etiam
1263 378 1329 428 H
1368 374 1631 428 messietur‘
1665 379 1791 429 AZ.

88 481 278 516 uerum
326 463 493 515 etiam
539 466 718 515 totum
770 468 825 515 A
834 466 889 516 Γ
925 464 1164 516 metitur.
1240 482 1406 533 quare
1455 464 1620 517 etiam
1667 464 1788 517 reli—

88 570 255 621 quum
302 553 404 604 ΓΖ
451 552 708 604 metietur
754 552 927 605 maior
975 553 1261 622 minorem3
1314 552 1458 622 quod
1508 551 1627 605 fieri
1678 570 1790 606 non

87 643 286 709 potest.
357 658 485 710 ergo
517 658 772 694 numeros
806 644 933 706 ΑΒ,
967 644 1069 695 ΓΔ
1100 660 1210 694 non
1243 641 1499 693 metietur
1530 659 1787 694 numerus

85 730 259 783 maior
295 747 519 782 numero
559 730 675 782 ΓΖ.
755 747 884 799 ergo
925 733 1027 782 ΓΖ
1073 730 1311 782 maxima
1361 732 1443 782 esi:
1483 730 1785 784 communis

86 836 341 871 mensura
378 835 738 885 numerorum⁴
763 823 872 872 AB
881 860 894 888 ,
930 820 1046 872 ΓΔ.

702 995 1158 1050 Corollarium.

197 1099 340 1154 Hinc
387 1101 737 1154 manifestum
785 1103 889 1169 est,
945 1101 991 1152 si
1037 1117 1291 1152 numerus
1341 1099 1474 1152 duos
1528 1117 1785 1152 :numeros

85 1188 362 1258 metiatur,
433 1208 555 1242 eum
625 1191 787 1243 etiam
860 1189 1152 1241 maximam
1217 1206 1403 1242 eorum
1473 1205 1784 1241 mensuram

81 1294 421 1330 communem
475 1297 789 1332 mensurum
847 1276 1025 1348 esse.1)
1080 1307 1141 1315 —
1196 1276 1340 1346 quod
1397 1279 1512 1329 erat
1566 1277 1785 1330 demon·

82 1365 378 1418 strandum.

881 1469 979 1523 ΠΙ.

189 1571 348 1626 Datis
380 1575 554 1628 tribus
585 1574 826 1627 numeris
859 1593 970 1628 non
1000 1574 1192 1644 primis
1225 1574 1369 1626 iniser
1403 1591 1458 1626 se
1491 1574 1784 1627 maximam

82 1680 396 1714 mensuram
436 1681 778 1716 communem
817 1663 1078 1715 inuenire.

135 1765 165 1769 “
955 1748 1078 1804 ὃίηὺ
1115 1754 1227 1804 tres
1267 1752 1481 1805 numeri
1515 1750 1629 1804 dati
1667 1770 1779 1805 non

146 1773 153 1889 Ι
254 1853 283 1932 T
840 1840 1001 1910 primi
1024 1841 1169 1893 insser
1194 1857 1251 1892 se
1275 1844 1346 1908 A,
1371 1843 1436 1910 Β,
1460 1843 1523 1894 Γ.
1564 1843 1781 1910 opQriaet

701 1972 730 1977 -
837 1929 1007 1999 igitur
1075 1946 1422 1981 numerorum
1484 1934 1565 1997 A,
1613 1933 1685 1999 Β,
1733 1933 1786 1982 Γ

266 2084 269 2117 ι
335 2035 376 2075 Γ
490 2031 521 2155 T
580 2002 652 2155 ῙΕ
736 2048 770 2089 Z
839 2018 1131 2070 maximam
1186 2035 1493 2070 mensuram
1542 2036 1780 2071 commu-

132 2155 161 2160 -
251 2120 280 2162 ζ
370 2157 400 2162 -
491 2158 520 2162 -
580 2158 609 2162 ,
836 2125 962 2159 nem
1001 2124 1263 2159 muemre.

187 2199 430 2248 sumatur
477 2197 622 2249 enim
663 2195 889 2249 duorum
928 2213 1277 2248 numerorum
1324 2201 1402 2264 A,
1443 2199 1490 2248 Β
1543 2195 1778 2248 maxima

74 2301 326 2337 mensura
366 2284 664 2338 communis
707 2288 763 2336 A
805 2286 977 2354 [prop.
1009 2282 1104 2351 II].
1183 2288 1238 2336 A
1280 2284 1449 2354 igitur
1488 2287 1583 2336 aut
1620 2285 1778 2337 meki-

74 2374 162 2424 tur
223 2375 276 2425 Γ
332 2377 426 2427 aut
479 2391 588 2426 non
643 2373 883 2426 metissur.
974 2372 1123 2442 prius
1184 2373 1457 2426 messia'nur.
1552 2374 1776 2426 metitur

3 2511 5 2514 Α
75 2465 255 2513 autem
299 2462 466 2515 etiam
505 2467 574 2531 A,
606 2466 669 2515 Β.
743 2467 798 2514 Δ
838 2462 1008 2532 igitur
1044 2479 1301 2515 numeros
1342 2466 1412 2532 A,
1443 2465 1507 2531 Β,
1539 2465 1592 2515 Γ
1623 2462 1775 2514 meti-

195 2653 236 2706 1)
268 2650 390 2694 Nam
433 2655 482 2695 H
517 2655 565 2696 et
604 2655 712 2710 AB,
758 2655 841 2696 ΓΔ
881 2654 929 2696 et
970 2666 1261 2697 communem
1311 2666 1471 2698 eorum
1509 2665 1773 2697 mensuram

75 2709 326 2754 maximam
364 2712 448 2754 ΓΖ
480 2710 672 2756 metitur
704 2714 767 2768 (p.
805 2716 911 2767 194,
944 2714 1003 2768 ὅ).

1414 2931 1502 2976 13*
