1988 3152
179 66 290 118 424
863 67 1182 110 APPENDIX.

907 214 1012 286 Ἦ,
1053 216 1138 269 31.

888 329 1150 397 ’Ἀλλωςκ

286 432 435 489 Ἐπεὶ
481 433 549 488 τὰ
597 432 762 505 ὅμοια
804 435 1055 506 σχήματα
1096 436 1156 490 ἐν
1197 438 1516 491 διπλασίονι
1563 437 1712 512 λόγῳ
1763 437 1878 493 ἐστὶ

177 525 291 578 τῶν
339 519 631 593 ὁμολόγων
679 526 963 594 πλευρῶν,
1010 521 1073 578 τὸ
1122 521 1230 579 ἀπὸ
1278 527 1375 595 τῆς
1421 529 1534 579 ΒΓ
1572 524 1689 597 ἄρα
1727 523 1880 592 εἶδος

119 626 146 666 5
177 613 315 683 πρὸς
367 609 429 666 τὸ
480 608 587 667 ἀπὸ
639 615 739 682 τῆς
785 618 895 666 BA
950 609 1099 676 εἶδος
1151 615 1484 668 διπλασίονα
1538 614 1712 684 λόγον
1768 618 1877 685 ἔχει

175 698 315 771 ἤπερ
362 697 397 770 ἡ
447 703 548 755 ΓΒ
596 696 734 771 πρὸς
779 698 883 769 τὴν
930 704 1054 753 ΒΑ.
1132 703 1240 770 ἔχει
1290 699 1491 758 δὲκαὶ
1528 699 1591 756 τὸ
1634 698 1741 756 ἀπὸ
1781 706 1878 773 τῆς

176 792 288 843 ΒΓ
328 786 680 861 τετράγωνον
734 784 871 859 πρὸς
925 784 987 841 τὸ
1043 784 1148 842 ἀπὸ
1215 790 1311 858 τῆς
1362 794 1472 843 ΒΑ
1525 790 1876 861 τετράγωνον

111 869 124 873 ⁸
177 879 511 933 διπλασίονα
543 877 715 947 λόγον
755 874 894 946 ἥπερ
933 875 967 947 ἡ
1009 881 1111 931 ΓΒ
1151 875 1293 947 πρὸς
1330 875 1435 948 τὴν
1474 883 1598 932 ΒΑ.
1677 879 1768 933 καὶ
1802 877 1881 944 ὡς

175 962 285 1037 ἄρα
340 965 403 1022 τὸ
460 964 568 1022 ἀπὸ
622 967 720 1036 τῆς
774 969 875 1019 ΓΒ
931 962 1080 1030 εἶδος
1134 964 1273 1038 πρὸς
1326 965 1387 1020 τὸ
1450 964 1556 1021 ἀπὸ
1613 970 1711 1037 τῆς
1765 973 1877 1022 ΒΑ

89 1069 144 1109 10
177 1051 352 1125 εἶδος,
409 1052 586 1120 οὕτως
642 1051 705 1109 τὸ
752 1051 860 1108 ἀπὸ
913 1056 1011 1124 τῆς
1057 1058 1159 1109 ΓΒ
1214 1054 1565 1126 τετράγωνον
1619 1053 1758 1126 πρὸς
1811 1055 1876 1111 τὸ

174 1139 282 1198 ἀπὸ
332 1145 430 1213 τῆς
481 1148 591 1198 BA
636 1142 1005 1213 τετράγωνον.
1083 1140 1176 1198 διὰ
1222 1141 1288 1197 τὰ
1338 1141 1480 1197 αὐτὰ
1533 1142 1603 1214 δὴ
1658 1144 1752 1198 καὶ
1802 1142 1878 1210 ὡς

171 1229 234 1286 τὸ
292 1227 401 1285 ἀπὸ
453 1234 551 1302 τῆς
605 1235 717 1285 ΒΓ
763 1227 914 1294 εἶδος
961 1229 1100 1302 πρὸς
1144 1229 1207 1286 τὸ
1257 1229 1364 1286 ἀπὸ
1412 1234 1508 1302 τῆς
1558 1236 1659 1287 ΓΛ
1709 1229 1875 1302 εἶδος,

175 1316 352 1383 οὕτως
398 1319 460 1373 τὸ
509 1316 617 1373 ἀπὸ
664 1321 762 1389 τῆς
801 1322 914 1372 ΒΓ
950 1320 1303 1390 τετράγωνον
1351 1317 1490 1391 πρὸς
1527 1317 1590 1374 τὸ
1630 1317 1740 1375 ἀπὸ
1780 1324 1878 1391 τῆς

172 1411 274 1462 ΓΑ
311 1407 680 1478 τετράγωνον.
756 1405 896 1462 ὥστε
935 1407 1027 1461 καὶ
1068 1405 1142 1472 ὡς
1179 1407 1243 1463 τὸ
1285 1405 1394 1463 ἀπὸ
1433 1411 1529 1479 τῆς
1576 1413 1687 1463 ΒΓ
1726 1406 1878 1475 εἶδος

87 1512 141 1551 15
173 1495 313 1567 πρὸς
358 1494 427 1550 τὰ
479 1493 587 1551 ἀπὸ
635 1499 750 1551 τῶν
790 1502 925 1565 ΒΑ,
958 1501 1073 1551 ΑΓ
1104 1499 1255 1567 εἴδη,
1305 1495 1481 1562 οὕτως
1526 1496 1589 1552 τὸ
1631 1494 1739 1552 ἀπὸ
1779 1500 1876 1568 τῆς

175 1589 284 1640 ΒΓ
315 1583 668 1654 τετράγωνον
707 1583 847 1655 πρὸς
884 1583 951 1639 τὰ
990 1582 1099 1640 ἀπὸ
1140 1588 1255 1641 τῶν
1288 1591 1423 1655 BA,
1459 1593 1510 1640 A
1521 1589 1573 1640 Γ
1603 1586 1874 1658 τετράγω-

173 1695 260 1729 να.
338 1681 466 1729 ἴσον
514 1672 576 1729 δὲ
625 1671 688 1728 τὸ
736 1671 845 1728 ἀπὸ
900 1676 998 1744 τῆς
1042 1679 1154 1729 ΒΓ
1196 1673 1548 1745 τετράγωνον
1594 1685 1710 1740 τοῖς
1766 1673 1877 1731 ἀπὸ

172 1764 289 1818 τῶν
328 1767 466 1832 ΒΛ,
499 1766 614 1817 ΑΓ
645 1760 1030 1833 τετραγώνοις.
1107 1768 1233 1817 ἴσον
1273 1760 1383 1832 ἄρα
1417 1762 1508 1817 καὶ
1540 1761 1603 1817 τὸ
1638 1760 1746 1818 ἀπὸ
1778 1767 1876 1834 τῆς

176 1855 285 1906 ΒΓ
317 1848 468 1915 εἶδος
506 1861 623 1915 τοῖς
662 1848 770 1905 ἀπὸ
810 1852 924 1905 τῶν
963 1856 1098 1920 ΒΑ,
1131 1856 1244 1906 ΑΓ
1287 1853 1459 1906 εἴδεσι
1498 1862 1614 1916 τοῖς
1660 1849 1878 1923 ὁμοίοις

82 1954 140 1995 20
176 1943 278 2009 [τε]
318 1939 412 1994 καὶ
453 1935 657 2010 ὁμοίως
688 1936 1183 2010 ,ἀναγραφομένοις
1225 1936 1381 2009 [ὅπερ
1423 1942 1535 1994 ἔδει
1576 1942 1791 2010 δεῖξαι]

908 2102 1009 2171 VI,
1049 2103 1135 2156 33.

285 2204 473 2275 Λέγω,
515 2204 602 2259 ὅτι
640 2204 733 2260 καὶ
775 2201 850 2269 ὥς
888 2203 921 2275 ἡ
965 2208 1077 2259 ΒΓ
1107 2205 1431 2275 περιφέρεια
1463 2204 1603 2277 πρὸς
1633 2205 1736 2277 τὴν
1770 2213 1875 2261 ΕΖ

172 2293 558 2365 περιφέρειαν,
614 2290 792 2358 οὕτως
847 2288 877 2347 ὃ
928 2297 1107 2348 ΗΒΓ
1146 2291 1348 2364 τομεὺς
1385 2291 1524 2364 πρὸς
1571 2293 1673 2350 τὸν
1713 2301 1873 2350 ΘΕΖ

170 2381 354 2452 τομέα.

292 2564 329 2602 1.
364 2558 600 2615 PBFVp.
740 2563 781 2604 3.
813 2555 883 2612 λζ’
917 2557 1005 2615 Fp.
1145 2555 1270 2617 ἐστι’]
1305 2556 1400 2604 εἰσί
1425 2558 1482 2603 V.
1628 2562 1667 2602 5.
1704 2556 1786 2617 ἔχῃ
1819 2576 1872 2615 φ.

170 2623 210 2662 6.
246 2619 357 2674 ΓΒ]
396 2617 446 2661 in
483 2631 573 2662 ras.
607 2617 650 2661 V
680 2631 741 2662 m.
774 2622 816 2664 2.
950 2623 990 2662 7.
1022 2614 1104 2676 τό]
1139 2614 1225 2674 τήν
1258 2633 1308 2673 φ.
1447 2621 1490 2664 8.
1525 2617 1639 2675 ΓΒ]
1673 2622 1789 2664 mut.
1821 2617 1871 2662 in

169 2679 264 2721 ΒΓ
289 2691 349 2722 m.
383 2681 409 2720 2
443 2677 498 2722 V.
621 2679 718 2721 BA.
764 2677 874 2735 καί]
907 2678 1000 2720 ΒΓ
1027 2693 1063 2733 φ
1098 2679 1208 2733 (non
1239 2675 1306 2733 F).
1459 2683 1499 2722 9.
1535 2677 1648 2735 ΓΒ]
1690 2676 1740 2721 in
1778 2691 1869 2721 raa.

168 2751 232 2780 m.
265 2741 291 2780 2
324 2735 380 2791 V,
415 2738 492 2779 ΓΑ
518 2751 553 2791 φ
588 2736 699 2792 (non
730 2735 799 2792 F).
894 2733 1022 2786 εἶδος
1046 2762 1099 2767 -
1130 2741 1205 2780 1οε
1241 2735 1353 2793 ΓΒ]
1388 2750 1482 2793 mg.
1515 2751 1576 2780 m.
1605 2740 1627 2779 1
1654 2735 1706 2780 F.
1799 2741 1867 2780 10.

171 2792 322 2853 εἶδος]
361 2808 450 2839 om.
485 2793 538 2838 V.
646 2795 759 2853 ΓΒ]
792 2794 843 2838 in
873 2807 962 2841 ras.
994 2810 1055 2839 m.
1089 2800 1115 2839 2
1148 2795 1203 2840 V.
1321 2799 1390 2841 11.
1423 2793 1510 2853 δή]
1538 2809 1626 2839 om.
1653 2794 1705 2838 Ρ.
1800 2799 1869 2839 12.

173 2851 329 2912 εἶδος]
358 2854 474 2911 (alt.)
500 2867 588 2900 om.
614 2853 670 2900 V.
767 2858 834 2899 13.
869 2854 984 2912 ΒΓ]
1011 2867 1036 2898 e
1061 2868 1173 2899 corr.
1199 2869 1260 2899 m.
1289 2859 1310 2898 1
1338 2869 1382 2911 p.
1472 2859 1540 2898 14.
1568 2853 1674 2912 ΓΑ]
1701 2867 1725 2899 e
1751 2867 1868 2899 corr.
