1988 3152
118 723 143 762 ΕΙ

90 1232 145 1273 10

93 1673 147 1714 15

177 232 287 287 436
869 234 1184 276 APPENfflx.

177 352 304 425 γάρ,
345 351 467 408 ἀλλ’
514 355 565 408 εἰ
603 350 872 422 δυνατόν,
912 355 1050 407 ἔστω
1083 356 1314 419 διπλοῦς
1347 353 1376 410 ὁ
1410 357 1464 407 Γ
1487 357 1592 409 τοῦ
1623 359 1686 410 Β.
1756 357 1868 409 ἔστι

179 441 241 496 δὲ
286 443 379 496 καὶ
421 464 450 498 ο
492 449 545 496 A
583 444 684 498 τοῦ
723 446 778 497 Γ
806 445 1092 514 τριπλοῦς·
1139 441 1430 514 γενήσεται
1469 440 1578 513 ἄρα
1615 443 1706 498 καὶ
1747 441 1776 498 ὁ
1818 450 1870 497 Λ

177 532 279 585 τῦῦ
319 536 366 585 Β
407 530 692 597 ἑξαπλοῦς.
759 530 1045 587 ὑπόκειται
1086 531 1148 587 δὲ
1189 533 1438 596 διπλοῦς·
1479 529 1613 601 ὅπερ
1647 529 1869 588 ἄτοπον.

178 617 281 675 οὐκ
306 617 416 690 ἄρα
442 622 592 674 ἔσται
619 619 648 675 ὁ
683 624 737 674 Γ
758 622 858 675 τοί
891 626 938 675 Β
973 623 1219 685 διπλοῦς.
1275 620 1481 691 ὁμοίως
1506 621 1575 691 δὴ
1602 621 1870 690 δείξομεν,

178 705 263 763 ὅτι
312 704 436 762 οὐδ’
488 705 663 763 ἄλλον
716 709 888 779 λόγον
935 712 1044 779 ἔχει
1094 709 1123 765 ὁ
1172 715 1219 764 Β
1267 711 1405 781 πρὸς
1450 710 1550 764 τὸν
1604 713 1657 764 Γ
1703 707 1872 781 παρὲξ

175 799 278 852 τοῦ
316 795 592 867 ἡμιολίου.

911 902 1012 973 ΙΧ,
1051 904 1138 957 22.

889 1017 1038 1075 ’Ἀλλ
1050 1040 1092 1074 ω
1104 1042 1144 1085 ς.

275 1119 355 1179 Ἢ
400 1121 494 1178 καὶ
550 1119 748 1187 οὕτως·
806 1122 920 1178 ἐπεὶ
977 1116 1083 1178 οῦν
1146 1123 1174 1179 ὁ
1233 1129 1343 1179 AB
1396 1123 1650 1194 περιττός
1704 1123 1872 1191 ἐστιν,

179 1209 496 1286 ἀφῃρήσθω
536 1207 631 1265 ἀπ’
676 1210 851 1267 αὐτοῦ
890 1214 1069 1283 μονὰς
1099 1212 1133 1284 ἡ
1170 1215 1529 1278 ΖΒ··λοιπὸς
1561 1210 1670 1283 ἄρα
1702 1210 1731 1266 ὁ
1765 1216 1872 1266 AZ

177 1299 367 1374 ἄρτιός
414 1302 580 1355 ἐστιν.
655 1299 825 1355 πάλιν
873 1299 987 1356 ἐπεὶ
1035 1300 1065 1356 ὁ
1113 1305 1226 1357 ΒΓ
1262 1299 1512 1374 περιττός
1558 1302 1735 1371 ἐστιν,
1781 1305 1879 1356 καί

178 1393 294 1447 ἐστι
334 1391 509 1462 μονὰς
548 1387 582 1459 ἡ
626 1394 755 1458 ΖΒ,
803 1386 993 1461 ἄρτιος
1032 1387 1142 1461 ἄρα
1190 1389 1219 1445 ὁ
1262 1394 1377 1446 ΖΓ.
1456 1394 1568 1445 ἔστι
1611 1388 1673 1445 δὲ
1710 1389 1803 1444 καὶ
1842 1388 1871 1444 ὁ

177 1485 287 1534 AZ
334 1479 537 1551 ἄρτιος.
613 1477 705 1532 καὶ
754 1475 881 1543 ὅλος
927 1477 1035 1550 ἄρα
1084 1477 1114 1534 ὃ
1155 1482 1268 1533 ΑΓ
1308 1476 1497 1549 ἄρτιός
1537 1479 1703 1534 ἐστιν.
1781 1479 1873 1533 διὰ

177 1570 244 1623 τὰ
295 1566 436 1623 αὐτὰ
486 1570 555 1638 δη
603 1566 694 1621 καὶ
737 1565 766 1621 ὁ
807 1570 913 1621 ΓΕ
960 1564 1151 1638 ἄρτιός
1190 1566 1357 1623 ἐστιν.
1434 1564 1573 1621 ὥστε
1612 1566 1703 1621 καὶ
1744 1567 1874 1631 ὅλος

181 1656 210 1713 ὁ
252 1662 365 1712 ΛΕ
401 1654 591 1728 ἄρτιός
631 1656 795 1711 ἐστιν.

299 1839 340 1879 4.
374 1830 497 1893 ἄρα]
530 1851 610 1878 mn
642 1851 691 1891 φ.
779 1833 998 1890 διπλοῦς]
1031 1833 1249 1889 τριπλοῦς
1280 1831 1381 1890 ch.
1471 1837 1510 1878 7.
1544 1831 1579 1875 F
1611 1832 1735 1877 solus
1768 1833 1877 1889 post

179 1890 329 1950 ἐστιν,
362 1895 470 1939 ante
506 1888 620 1951 ὅπερ
653 1909 696 1951 p.
731 1898 831 1949 392,
867 1898 935 1938 13.
1059 1897 1100 1937 8.
1133 1888 1307 1950 ἄλλως]
1345 1905 1432 1937 om.
1466 1891 1515 1935 F.
