1988 3152
239 114 347 167 326
861 119 1199 162 ΣΤΟΙΧΕΙῼΝ
1229 115 1293 174 η’.

239 239 287 288 Β
335 237 701 305 τριπλασίονα
747 233 920 304 λόγον
967 239 1077 306 ἔχει
1122 233 1261 309 ἥπερ
1310 235 1346 307 ἡ
1396 235 1669 308 ομόλογος
1714 238 1922 310 πλευρά

238 320 378 393 πρὸς
437 319 539 391 τὴν
595 318 877 392 ὁμόλογον
930 323 1203 394 πλευράν,
1255 325 1539 380 τουτέστιν
1601 324 1741 397 ἤπερ
1795 324 1824 382 6
1881 331 1934 382 Γ

238 406 484 480 άριθμός
528 406 667 480 πρὸς
715 407 816 464 τὸν
864 417 908 465 Ζ
954 411 1046 466 καὶ
1095 409 1124 466 6
1173 418 1230 466 A
1274 411 1414 483 πρὸς
1459 411 1559 468 τὸν
1605 419 1671 468 Η
1706 414 1798 469 καὶ
1847 419 1926 470 ἔτι

239 494 268 551 6
313 503 365 551 Ε
398 495 537 568 πρὸς
574 496 674 552 τὸν
714 504 781 553 Θ·
824 497 960 571 ὅπερ
1002 503 1114 555 ἔδει
1154 502 1343 567 δεῖξαι.

179 682 206 722 5
1046 680 1115 731 κ’.

345 773 491 831 Ἐὰν
539 774 658 831 δύο
709 774 1018 849 ἀριθμῶν
1059 775 1152 844 εἷς
1198 780 1395 850 μέσος
1441 778 1782 851 ἀνάλογον
1824 783 1927 852 ἑμ-

240 868 434 936 πίπτῃ
507 862 818 936 ἀριθμός,
883 866 1107 936 ὅμοιοι
1170 869 1471 924 ἐπίπεδοι
1533 873 1801 924 ἔσονται
1867 873 1932 925 οἱ

242 950 534 1023 ἀριθμοί.

345 1039 470 1095 Δύο
510 1041 619 1111 γὰρ
660 1038 925 1113 ἀριθμῶν
964 1045 1078 1098 τῶν
1118 1051 1194 1112 A,
1228 1050 1274 1098 B
1315 1039 1394 1109 εἷς
1432 1046 1597 1115 μέσος
1645 1044 1929 1117 ἀνάλογον

155 1138 210 1178 10
243 1129 547 1199 ἐμπιπτέτω
593 1128 839 1201 ἀριθμὸς
886 1129 915 1185 6
959 1135 1024 1185 Γ·
1079 1133 1246 1203 λέγω,
1295 1131 1380 1188 ὅτι
1428 1135 1485 1188 οἱ
1527 1141 1604 1204 Α,
1640 1139 1687 1188 Β
1742 1134 1930 1205 ὅμοιοι

245 1219 499 1272 ἐπίπεδοί
532 1220 676 1273 εἰσιν
716 1215 965 1291 ἀριθμοί.

351 1307 740 1378 Εἰλήφθωσαν
798 1306 953 1378 [γὰρ]
1018 1307 1293 1380 ἐλάχιστοι
1356 1310 1593 1381 ἀριθμοὶ
1654 1314 1768 1366 τῶν
1830 1309 1930 1366 τὸν

241 1380 417 1451 αὐτὸν
455 1395 630 1466 λόγον
670 1394 913 1468 ἐχόντων
951 1407 1068 1461 τοῖς
1107 1404 1176 1468 Α,
1208 1402 1260 1453 Γ
1294 1400 1352 1453 οῖ
1389 1405 1459 1468 Δ,
1492 1403 1563 1453 Ε·
1603 1400 1781 1465 ἰσάκις
1822 1399 1931 1468 ἄρα

244 1480 274 1537 6
323 1490 378 1538 A
423 1482 525 1539 τὸν
571 1490 626 1539 A
673 1495 861 1556 μετρεῖ
902 1484 994 1541 καὶ
1034 1485 1064 1540 6
1107 1492 1161 1541 Ε
1193 1485 1295 1542 τὸν
1334 1491 1393 1542 Γ.
1464 1486 1655 1552 ὁσάκις
1695 1487 1764 1559 δὴ
1806 1485 1835 1542 6
1878 1494 1933 1542 A

157 1581 211 1621 15
245 1570 346 1626 τὸν
391 1578 446 1626 A
483 1584 693 1645 μετρεῖ,
739 1576 1004 1629 τοσαῦται
1051 1574 1294 1645 μονάδες
1340 1579 1586 1631 ἔστωσαν
1634 1578 1695 1631 ἐν
1740 1579 1815 1650 τῷ
1866 1582 1931 1631 Ζ·

246 1660 276 1715 6
335 1667 380 1715 Ζ
428 1660 538 1733 ἄρα
584 1660 687 1717 τὸν
734 1668 790 1716 A
834 1662 1322 1730 πολλαπλασιάσας
1367 1662 1466 1719 τὸν
1513 1670 1567 1718 Α
1619 1668 1931 1735 πεποίηκεν.

245 1749 387 1804 ὥστε
434 1749 464 1805 6
514 1757 567 1805 A
614 1750 871 1815 ἐπίπεδός
918 1753 1091 1821 ἐστιν,
1147 1752 1379 1823 πλευραὶ
1428 1752 1490 1808 δὲ
1536 1751 1711 1809 αὐτοῦ
1758 1755 1816 1808 οἱ
1860 1760 1932 1822 A,

245 1843 306 1893 Ζ.
381 1835 575 1907 πάλιν,
617 1839 732 1893 ἐπεὶ
766 1841 823 1893 oc
850 1845 923 1908 A,
955 1845 1008 1894 Ε
1035 1841 1318 1911 ἐλάχιστοί
1343 1844 1449 1895 εἰσι
1480 1844 1595 1897 τῶν
1624 1842 1726 1897 τὸν
1759 1838 1933 1896 αὐτὸν

243 1924 416 1996 λόγον
469 1925 710 1997 ἐχόντων
763 1938 881 1992 τοῖς
934 1932 1005 1998 Γ,
1039 1933 1112 1999 Β,
1169 1927 1349 1994 ἰσάκις
1395 1927 1506 1999 ἄρα
1554 1927 1583 1984 6
1633 1936 1687 1984 A
1742 1930 1841 1984 τὸν
1889 1933 1943 1984 Γ

157 2033 214 2073 20
247 2024 435 2084 μετρεῖ
476 2015 568 2069 καὶ
617 2012 645 2070 6
697 2021 749 2069 Ε
790 2013 891 2070 τὸν
939 2020 1000 2070 Β.
1078 2014 1271 2082 ὁσάκις
1319 2015 1388 2087 δὴ
1438 2014 1467 2071 6
1516 2022 1568 2071 Ε
1610 2015 1710 2072 τὸν
1750 2022 1797 2071 Β
1845 2037 1934 2087 με-

248 2112 389 2173 τρεῖ,
428 2106 693 2158 τοσαῦται
732 2103 972 2173 μονάδες
1011 2107 1260 2160 ἔστωσαν
1300 2107 1361 2159 ἐν
1399 2108 1474 2178 τῷ
1513 2109 1585 2159 Η.
1657 2103 1685 2159 6
1730 2111 1782 2160 Ε
1825 2103 1934 2176 ἄρα

245 2189 345 2246 τὸν
384 2196 431 2245 Β
470 2203 658 2263 μετρεῖ
692 2191 830 2247 κατὰ
870 2191 967 2257 τὰς
1007 2194 1067 2247 ἐν
1106 2196 1182 2268 τῷ
1220 2198 1286 2247 Η
1324 2195 1595 2264 μονάδας·
1643 2190 1672 2248 6
1722 2197 1788 2247 Η
1825 2190 1934 2262 ἄρα

243 2278 346 2334 τὸν
386 2286 438 2333 Ε
480 2279 968 2345 πολλαπλασιάσας
1013 2279 1115 2336 τὸν
1163 2286 1210 2335 Β
1258 2285 1571 2351 πεποίηκεν.
1651 2279 1679 2335 6
1730 2286 1777 2335 Β
1825 2278 1934 2352 ἄρα

367 2491 405 2530 1.
438 2483 615 2542 πλευρὰ
648 2485 766 2541 πρὸς
796 2483 882 2543 τὴν
921 2482 1176 2546 ὁμόλογον]
1221 2501 1315 2543 mg.
1349 2502 1398 2541 φ.
1551 2490 1592 2529 6.
1626 2480 1847 2542 ἐμπίπτει
1877 2483 1936 2539 V,

247 2558 363 2589 corr.
403 2560 463 2588 m.
508 2550 546 2589 1.
699 2551 740 2590 9.
781 2545 925 2603 μέσον
964 2546 1017 2589 Β.
1170 2541 1428 2602 ἀνάλογον]
1470 2558 1560 2589 om.
1600 2543 1748 2600 Bqu.
1812 2543 1867 2586 In
1896 2542 1934 2585 B

247 2617 389 2660 supra
420 2618 505 2648 scr.
538 2618 598 2649 m.
632 2609 679 2648 2:
723 2602 790 2655 εἷς
821 2602 960 2662 μέσος
991 2601 1227 2677 ἀνάλογον
1261 2600 1527 2672 ἐμπιπτέτω,
1567 2599 1592 2646 6
1637 2605 1681 2646 Γ
1714 2597 1935 2659 ἀριθμός,

249 2658 312 2713 ὥς
342 2660 367 2707 6
401 2667 438 2706 A
468 2659 586 2718 πρὸς
616 2659 701 2707 τὸν
735 2666 797 2719 Γ,
829 2661 854 2707 6
889 2667 934 2707 Γ
958 2661 1077 2719 πρὸς
1106 2680 1191 2708 τον
1222 2666 1273 2707 Β.
1367 2666 1434 2706 12.
1468 2661 1577 2719 γαρ]
1606 2675 1694 2706 om.
1719 2662 1768 2705 P.
1863 2665 1934 2705 13.

247 2725 306 2776 Α,
333 2722 398 2779 Γ]
432 2726 491 2777 A,
518 2724 577 2776 Γ,
612 2725 647 2764 Β
683 2722 781 2778 Βφ,
815 2724 863 2767 eb
885 2721 929 2765 V
959 2722 1114 2767 deleto
1139 2726 1190 2766 Β.
1252 2722 1365 2766 Post
1394 2723 1436 2765 E
1468 2719 1517 2764 in
1544 2720 1629 2777 qu
1662 2719 1769 2765 add.
1811 2717 1936 2790 ἔστιν

249 2776 345 2836 ἄρα
385 2776 447 2831 ὥς
488 2775 512 2823 ὃ
552 2784 595 2823 A
637 2777 754 2835 πρὸς
785 2777 867 2825 τὸν
899 2784 962 2838 Ε,
1008 2778 1033 2825 6
1068 2786 1104 2826 A
1136 2777 1252 2838 πρὸς
1282 2777 1365 2824 τὸν
1401 2783 1451 2823 Γ.
1515 2775 1576 2830 ὦς
1607 2777 1659 2824 δὲ
1693 2775 1718 2823 6
1751 2781 1936 2849 Anapos

247 2836 333 2883 τόν
367 2842 428 2895 Γ,
461 2834 485 2882 ὁ
522 2841 565 2882 Γ
591 2835 709 2896 πρὸς
740 2835 825 2884 τὸν
857 2843 893 2883 Β
927 2841 989 2896 (Θ
1014 2842 1081 2895 φ).
1144 2839 1226 2884 καὶ
1257 2835 1320 2890 ὥς
1359 2834 1452 2895 ἄρα
1485 2834 1510 2881 ὁ
1546 2844 1588 2882 A
1619 2835 1735 2896 πρὸς
1764 2853 1847 2881 τον
1879 2839 1935 2893 Ε,

252 2893 277 2941 6
320 2901 364 2942 Γ
397 2895 513 2956 πρὸς
552 2894 637 2942 τὸν
678 2901 736 2952 Β;
776 2898 902 2943 idem
940 2897 978 2940 B
1009 2913 1104 2956 mg.
1136 2914 1198 2943 m.
1232 2903 1258 2943 2
1290 2894 1366 2954 (δή
1398 2911 1482 2955 pro
1515 2895 1599 2954 δέ).
1753 2901 1822 2941 16.
1854 2911 1936 2940 πε·
1984 2928 1988 2945 2
