1988 3152
184 78 297 131 426
867 82 1191 136 ,ΑΡΡΕΝὈΙΧ

297 195 751 269 Ἐπεζεύχθωσαν
803 197 910 268 γὰρ
959 201 1021 252 αἱ
1056 204 1184 269 ΒΓ,
1217 203 1336 255 ΓΚ.
1414 200 1506 254 καὶ
1545 203 1881 271 ληφθέντων

189 285 276 340 ἐπὶ
331 289 445 341 τῶν
500 290 628 355 ΒΓ,
676 290 789 340 ΓΚ
837 290 1206 357 περιφερειῶν
1260 290 1374 342 τῶν
1427 290 1497 358 Ξ,
1535 294 1582 342 Ο
1638 294 1881 360 σημείων

189 373 610 445 ἐπεζεύχθωσαν
649 374 741 428 καὶ
782 377 844 428 αἱ
879 377 1004 444 ΒΞ,
1035 377 1159 445 ΞΓ,
1193 380 1320 444 ΓΟ,
1357 381 1476 431 ΟΚ.

300 463 411 516 Καὶ
467 462 582 518 ἐπεὶ
635 461 739 518 δύο
788 465 851 517 αἱ
901 469 1042 533 ΒΗ,
1074 469 1196 519 ΗΓ
1244 464 1372 519 δυσὶ
1419 475 1538 530 ταῖς
1591 470 1728 535 ΓΗ,
1767 470 1892 519 ΗΚ

126 569 156 610 5
190 557 305 604 ἴσαι
338 551 445 605 εἰσὶ
476 552 570 605 καὶ
600 555 807 622 γωνίας
840 559 962 616 ἴσας
993 553 1363 624 περιέχουσιν,
1397 553 1489 607 καὶ
1521 552 1682 623 βάσις
1712 551 1746 624 ἡ
1781 559 1890 609 ΒΓ

187 642 252 711 τῇ
300 644 413 694 ΓΚ
455 641 604 695 ἐστιν
646 647 764 711 ἴση,
813 647 939 696 ἴσον
980 638 1088 711 ἄρα
1131 641 1291 710 [ἐστὶ]
1333 641 1424 696 καὶ
1462 640 1525 696 τὸ
1565 647 1741 697 ΗΒΓ
1773 647 1885 712 τρί-

191 749 379 798 γωνον
418 737 492 803 τῷ
533 733 714 784 ΗΓΚ
746 727 1015 803 τριγώνῳ.
1092 729 1185 783 καὶ
1227 729 1341 785 ἐπεὶ
1383 737 1474 801 ἴση
1517 730 1666 786 ἐστὶν
1707 728 1740 801 ἡ
1780 735 1892 786 ΒΓ

187 817 511 888 περιφέρεια
557 821 622 889 τῇ
673 821 788 872 ΓΚ
829 821 1177 890 περιφερείᾳ,
1231 819 1323 872 καὶ
1369 815 1402 888 ἡ
1451 817 1616 889 λοιπὴ
1665 822 1744 883 εἰς
1787 817 1885 874 τὸν

189 904 325 959 ὅλον
379 903 589 960 κύκλον
643 906 966 977 περιφέρεια
1023 913 1114 977 ἴση
1164 906 1277 962 ἐστὶ
1324 909 1389 979 τῇ
1446 910 1611 980 λοιπῇ
1662 911 1740 973 εἰς
1784 907 1886 963 τὸν

98 1012 156 1051 10
188 990 324 1048 ὅλον
361 994 571 1048 κύκλον
610 999 955 1067 περιφερείᾳ·
997 994 1136 1050 ὥστε
1174 995 1265 1050 καὶ
1305 1000 1484 1066 γωνιά
1515 995 1548 1066 ἡ
1583 994 1693 1052 ὑπὸ
1727 999 1892 1058 ΒΞΓ

186 1083 252 1153 τῇ
301 1078 410 1136 ὑπὸ
450 1086 622 1136 ΓΟΚ
664 1084 814 1138 ε’στιν
863 1090 976 1154 ἴση·
1047 1083 1245 1154 ὅμοιον
1295 1084 1403 1156 ἄρα
1451 1085 1564 1140 ἐστὶ
1618 1083 1680 1140 τὸ
1729 1087 1895 1147 ΒΞΓ

185 1172 371 1241 τμῆμα
402 1173 478 1243 τῷ
512 1175 684 1226 ΓΟΚ
717 1170 971 1243 τμήματι.
1035 1177 1133 1226 καί
1167 1175 1310 1227 εἰσιν
1352 1173 1439 1228 ἐπὶ
1473 1179 1611 1229 ἴσων
1644 1171 1886 1229 εὐθειῶν

186 1261 300 1313 τῶν
346 1263 473 1329 ΒΓ,
507 1264 629 1315 ΓΚ.
706 1259 772 1314 τὰ
822 1259 885 1315 δὲ
934 1260 1020 1315 ἐπὶ
1069 1267 1207 1315 ἴσων
1256 1259 1498 1316 εὐθειῶν
1547 1260 1714 1333 ὅμοια
1753 1261 1885 1334 τμή-

187 1367 332 1417 ματα
370 1346 594 1403 κύκλων
650 1355 743 1403 ἴσα
789 1349 1051 1419 ἀλλήλοις
1098 1351 1265 1404 εἰσίν·
1322 1356 1449 1405 ἴσον
1496 1348 1605 1421 ἄρα
1662 1350 1775 1406 ἐστὶ
1822 1348 1883 1405 τὸ

99 1453 154 1494 15
189 1437 352 1498 ΒΞΓ
381 1444 567 1507 τμῆμα
598 1439 673 1512 τῷ
715 1441 887 1491 ΓΟΚ
919 1439 1173 1509 τμήματι.
1242 1442 1357 1493 ἔστι
1398 1437 1459 1493 δὲ
1498 1438 1589 1492 καὶ
1620 1437 1683 1494 τὸ
1717 1445 1895 1495 ΗΒΓ

187 1529 464 1595 τρίγωνον
510 1527 586 1599 τῷ
635 1529 816 1580 ΗΓΚ
855 1526 1109 1600 τριγώνῳ
1161 1533 1311 1584 ἴσονῖ
1363 1526 1455 1580 καὶ
1505 1526 1634 1592 ὅλος
1690 1525 1798 1599 ἄρα
1856 1525 1885 1582 ὁ

188 1618 364 1669 ΒΗΓ
395 1611 596 1684 τομεὺς
628 1611 740 1689 ὅλῳ
781 1619 856 1686 τῷ
897 1619 1078 1670 ΗΓΚ
1110 1626 1271 1686 τομεῖ
1306 1621 1425 1680 ἴσος
1467 1617 1631 1672 ἐστίν.
1695 1615 1788 1671 διὰ
1819 1614 1885 1672 τὰ

188 1699 328 1758 αὐτὰ
383 1700 453 1773 δὴ
508 1701 601 1756 καὶ
658 1699 686 1756 ὁ
743 1707 924 1758 ΗΚΛ
978 1701 1179 1774 τομεὺς
1233 1703 1486 1779 ἑκατέρω
1526 1708 1639 1760 τῶν
1694 1710 1884 1775 ΗΒΓ,

172 1796 366 1847 ἨΓΚ
393 1798 514 1855 ἴσος
539 1793 704 1846 ἐστίν.
770 1794 828 1846 οἱ
855 1803 1002 1862 τρεῖς
1034 1790 1142 1863 ἄρα
1173 1803 1359 1864 τομεῖς
1385 1796 1443 1848 oc
1471 1799 1658 1863 ΗΒΓ,
1694 1798 1884 1863 ΗΓΚ,

98 1896 155 1936 20
187 1884 378 1934 ΗΛΚ
426 1886 539 1935 ἴσοι
586 1877 847 1950 ἀλλήλοις
894 1883 1051 1935 εἰσίν.
1137 1879 1231 1935 διὰ
1270 1879 1336 1935 τὰ
1379 1879 1519 1936 αὐτὰ
1570 1881 1639 1953 δὴ
1688 1883 1780 1936 καὶ
1830 1884 1888 1937 οἱ

187 1974 366 2038 ΘΕΖ,
399 1972 593 2037 ΘΖΜ,
627 1972 823 2022 ΘΜΝ
855 1979 1040 2039 τομεῖς
1079 1975 1192 2024 ἴσοι
1232 1967 1494 2040 ἀλλήλοις
1534 1973 1692 2025 εἰσίν.
1758 1967 1888 2026 ὁσα-

187 2061 438 2112 πλασίων
494 2055 603 2129 ἄρα
659 2056 810 2111 ἐστὶν
864 2054 898 2127 ἡ
954 2063 1061 2112 ΛΒ
1117 2059 1440 2130 περιφέρεια
1493 2061 1591 2129 τῆς
1641 2063 1751 2114 ΒΓ
1798 2078 1889 2114 πε-

188 2150 496 2218 ριφερείας,
543 2149 1040 2200 τοσαυταπλασίων
1089 2146 1203 2201 ἐστὶ
1252 2146 1345 2201 καὶ
1395 2144 1424 2201 ὁ
1466 2152 1642 2202 HBA
1687 2146 1888 2219 τομεὺς

185 2237 290 2289 τοῦ
328 2239 506 2289 ΗΒΓ
537 2234 760 2306 τομέως.
838 2232 932 2289 διὰ
971 2232 1037 2289 τὰ
1079 2231 1219 2290 αὐτὰ
1270 2234 1338 2305 δὴ
1388 2235 1480 2289 καὶ
1529 2234 1886 2291 ὁσαπλασίων

306 2402 348 2443 2.
382 2398 504 2441 Ante
546 2393 628 2441 ἐπί
663 2397 753 2441 del.
802 2397 895 2440 τῶν
933 2412 978 2454 p
1135 2397 1252 2455 ΓΚ]
1297 2400 1339 2440 Γ
1374 2411 1487 2442 corr.
1529 2412 1584 2442 ex
1614 2401 1660 2441 K
1688 2412 1749 2444 m.
1785 2403 1807 2441 1
1842 2414 1885 2455 p.

185 2461 228 2502 4.
264 2456 386 2529 HK]
428 2459 474 2499 Κ
511 2470 534 2499 e
576 2470 691 2501 corr.
723 2471 786 2501 m.
819 2461 845 2499 2
878 2456 933 2501 V.
1056 2461 1097 2500 5.
1132 2455 1250 2500 εἰσίν
1274 2455 1372 2502 BF.
1434 2456 1703 2523 περιέχουσι
1736 2456 1886 2513 PFp3

187 2514 492 2572 περιέχουσαι
516 2516 571 2569 V,
606 2529 722 2560 corr.
747 2530 807 2559 m.
837 2521 877 2560 2.
973 2521 1012 2560 6.
1048 2511 1169 2573 ἔστί]
1196 2528 1286 2559 om.
1312 2515 1464 2586 BVp,
1497 2516 1656 2560 insert.
1688 2531 1750 2559 m.
1785 2521 1807 2559 1
1836 2517 1886 2564 F

188 2577 336 2618 ΒΗΓ
365 2573 415 2618 Ρ.
572 2580 611 2618 7.
645 2574 758 2618 Post
788 2570 998 2646 τριγώνῳ
1032 2575 1138 2618 add.
1171 2574 1270 2630 Bp.
1312 2573 1393 2617 καὶ
1424 2569 1453 2629 ἡ
1488 2578 1580 2618 ΒΓ
1606 2573 1888 2647 περιφέρεια

187 2635 242 2692 τῇ
282 2635 377 2677 ΓΚ
404 2634 699 2688 περιφερειᾝα
793 2637 834 2678 8.
867 2630 896 2689 ἡ
929 2621 1097 2704 λοιπή]
1124 2634 1180 2686 F;
1214 2629 1351 2687 λοιπή
1380 2633 1478 2689 Bp3
1511 2629 1539 2689 ἡ
1566 2631 1703 2708 λοιπὴ
1730 2630 1758 2689 ἡ
1785 2633 1885 2678 PV.

189 2698 229 2768 9.
264 2688 403 2750 ολον]
438 2695 579 2736 ΑΒΓ
605 2679 706 2736 PV.
859 2693 964 2751 ἴση]
1006 2689 1035 2748 ἡ
1076 2694 1220 2736 ΚΑΓ
1245 2693 1321 2746 ἴση
1353 2691 1402 2735 F.
1557 2689 1680 2749 ἐστί]
1716 2707 1802 2737 om.
1838 2694 1886 2748 Ρ,

190 2749 316 2797 ἐστίν
349 2753 400 2796 Β.
522 2751 611 2824 τῆ]
649 2765 738 2796 om.
771 2751 827 2797 V.
951 2752 1117 2810 λοιπῇ]
1152 2765 1248 2795 om.
1281 2751 1337 2804 Ρ·
1378 2751 1513 2809 λοιπῇ
1547 2752 1603 2809 τῇ
1638 2752 1692 2795 V.
1819 2757 1886 2796 10.

188 2806 332 2868 ὅλον]
365 2811 468 2868 Bp,
501 2827 647 2854 αυτον
681 2813 821 2854 ΑΒΓ
847 2810 949 2866 PV,
984 2824 1072 2855 om.
1099 2811 1148 2854 F.
1242 2805 1385 2867 ωστε]
1421 2811 1527 2866 posi:
1548 2823 1639 2855 ras,
1666 2815 1690 2854 1
1717 2810 1805 2854 litt.
1831 2810 1887 2865 V,

187 2871 242 2928 τῇ
280 2873 427 2914 ΓΑΒ·
462 2884 576 2914 ωστε
609 2868 658 2914 F.
785 2874 854 2914 11.
887 2871 1035 2931 γωνία
1066 2870 1121 2928 τῇ
1154 2869 1211 2913 V.
1313 2873 1382 2913 13.
1418 2869 1534 2927 ΓΚ]
1570 2872 1667 2914 ΚΓ
1692 2885 1753 2914 m.
1779 2874 1805 2913 2
1830 2869 1886 2913 V.
