1988 3152
486 89 946 131 ELEMENTORUM
977 90 1158 131 LIBER
1189 91 1240 132 V.
1668 87 1736 140 13

840 179 938 260 111.

150 310 207 364 Si
230 312 409 381 prima
441 312 705 365 secundae
731 314 786 364 et
816 312 980 363 tertia
1012 314 1238 380 quartae
1272 329 1439 380 aeque
1472 310 1734 380 multipli-

39 418 125 454 ces
161 403 301 469 sunt,
334 402 389 452 et
411 400 618 469 primae
642 399 943 470 tertiaeque
968 417 1137 469 aeque
1161 399 1490 467 multiplices
1516 417 1736 452 sumun-

40 492 144 557 tur,
176 489 343 541 etiam
368 507 434 540 ex
465 506 637 558 aequo
650 486 692 557 ¹)
725 487 1163 558 magnitudinum
1201 490 1539 556 sumptarum
1565 487 1736 541 altera

41 577 303 630 secundae
344 577 517 630 altera
557 579 782 647 quartae
837 594 1003 646 aeque
1050 576 1380 646 multiplices
1429 579 1586 628 erunt
1634 576 1738 628 sin-

40 665 200 735 gulae
241 665 593 735 singularum.

38 778 462 818 A—.——-—-1
918 753 1063 806 Nam
1093 753 1269 822 prima
1307 757 1360 804 A
1399 737 1663 807 secundae
1687 755 1735 804 Β

41 880 207 920 B..—
845 845 900 895 et
936 843 1100 896 tertia
1130 844 1182 895 Γ
1216 844 1439 911 quartae
1473 845 1528 893 A
1568 857 1737 909 aeque

425 953 472 994 K
793 954 827 994 Z
845 931 956 984 sint
987 931 1330 1001 multipliceS‚
1367 933 1422 984 et
1453 932 1738 982 sumantur

40 1012 89 1054 E¹
449 1025 452 1030 '
813 1019 1279 1090 ¹magnitudinum
1349 1024 1403 1072 A
1413 1060 1428 1087 ‚
1454 1021 1507 1071 Γ
1570 1035 1734 1087 aeque

42 1130 327 1172 P-a—x—
841 1108 1166 1178 multiplices
1229 1110 1359 1175 EZ,
1383 1110 1448 1159 H
1451 1111 1511 1160 Θ.
1604 1106 1738 1175 dieo,

40 1237 165 1275 An—
847 1200 951 1250 ΕΖ
1013 1195 1406 1266 magnitudinis
1458 1199 1505 1248 B
1539 1198 1594 1248 et
1623 1198 1689 1248 Η
1691 1198 1738 1248 Θ

295 1311 336 1350 A
844 1285 1238 1356 magnitudinis
1265 1289 1320 1337 A
1352 1302 1519 1354 aeque
1555 1284 1738 1337 multi-

41 1367 91 1408 Η
555 1367 607 1411 ’Θ
845 1375 1015 1443 plices
1056 1392 1187 1427 esse.

152 1481 281 1516 nam
330 1465 587 1533 quoniam
635 1468 739 1517 EZ
786 1462 1180 1533 magnitudinis
1220 1466 1274 1514 A
1299 1465 1353 1515 et
1376 1464 1489 1515 ΗΘ
1528 1463 1737 1532 magni-

42 1551 248 1605 tudinis
295 1555 349 1605 Γ
389 1571 557 1622 aeque
605 1552 933 1622 multiplices
983 1553 1133 1620 sunt,
1181 1552 1315 1620 quot
1363 1553 1490 1603 sunt
1536 1550 1594 1602 in
1632 1553 1738 1602 EZ

0 1708 4 1711 -
42 1641 442 1710 magnitudines
482 1641 849 1711 magnitudini
888 1645 940 1693 A
980 1641 1253 1710 aequales,
1300 1638 1533 1692 totidem
1573 1640 1738 1692 etiam

47 1729 105 1781 in
142 1733 254 1782 ΗΘ
292 1734 420 1784 sunt
469 1730 834 1801 magnitudini
881 1732 934 1784 Γ
976 1730 1244 1799 aequales.
1317 1728 1593 1781 diuidatur
1640 1731 1738 1783 ΕΖ

43 1819 99 1871 in
137 1819 540 1889 magnitudines
588 1819 951 1891 magnitudini
990 1823 1043 1872 A
1077 1819 1328 1889 aequales
1363 1819 1497 1884 ΕΚ,
1522 1819 1651 1885 ΚΖ,
1686 1820 1740 1870 et

45 1910 158 1960 ΗΘ
210 1908 266 1960 in
318 1908 723 1978 magnitudines
778 1906 1146 1978 magnitudini
1199 1909 1253 1960 Γ
1302 1906 1552 1975 aequales
1600 1909 1667 1958 Η
1668 1910 1738 1974 Λ,

47 1998 170 2049 ΛΘ.
247 1997 349 2048 erit
409 1998 577 2066 igitur
636 2015 894 2050 numerus
955 1995 1391 2066 magnitudinum
1453 1998 1592 2062 ΕΚ,
1625 1998 1738 2048 ΚΖ

47 2102 271 2138 numero
296 2083 730 2154 magnitudinum
762 2087 818 2136 Η
829 2088 880 2136 Λ
890 2125 905 2152 ,
931 2087 983 2136 A
993 2087 1040 2136 Θ
1073 2084 1330 2153 aequalis,
1392 2085 1447 2136 et
1479 2083 1736 2152 quoniam

46 2178 102 2226 A
136 2172 531 2243 magnitudinis
571 2176 618 2224 Β
645 2175 700 2225 et
724 2175 778 2224 Γ
810 2172 1201 2243 magnitudinis
1242 2176 1298 2225 A
1338 2191 1506 2242 aeque
1558 2172 1738 2225 multi-

43 2262 211 2332 plices
246 2264 387 2329 sunt,
419 2264 473 2313 et
503 2263 620 2313 ΕΚ
642 2286 712 2304 =
738 2266 792 2314 A
803 2302 818 2329 ,
850 2264 970 2314 HA
997 2287 1066 2305 =
1091 2264 1163 2330 Γ,
1197 2264 1355 2315 erunt
1386 2265 1496 2315 ΕΚ
1530 2261 1739 2333 magni-

42 2350 249 2403 tudinis
297 2353 344 2402 B
378 2352 431 2403 et
461 2353 579 2402 HA
634 2350 1025 2419 magnitudinis
1074 2355 1130 2403 A
1178 2369 1344 2421 aeque
1391 2350 1741 2420 multiplices,

46 2438 230 2492 eadem
281 2438 345 2492 de
401 2457 563 2492 causa
611 2442 723 2492 KZ
770 2439 1163 2509 magnitudinis
1213 2443 1260 2492 Β
1287 2442 1342 2493 et
1365 2443 1473 2492 ΛΘ
1527 2440 1739 2510 magni-

46 2527 251 2581 tudinis
292 2533 347 2580 A
386 2546 553 2598 aeque
599 2528 927 2597 multiplices
979 2531 1120 2581 sunt.
1180 2529 1291 2581 iam
1330 2529 1588 2598 quoniam
1631 2530 1737 2598 pri-

42 2634 132 2669 ma
178 2620 292 2669 ΕΚ
337 2617 599 2670 secundae
647 2621 693 2670 Β
744 2621 798 2670 et
846 2618 1010 2670 tertia
1049 2621 1167 2670 HA
1209 2620 1434 2688 quartae
1475 2622 1531 2670 A
1571 2635 1738 2687 aeque

156 2793 326 2898 ‘QhEIic
348 2807 442 2838 non
471 2793 659 2851 proprie
686 2793 746 2838 ad
771 2792 1092 2845 definitionem
1123 2793 1372 2839 rationis
1406 2789 1474 2838 δι’
1513 2796 1614 2839 ἴσου
1642 2796 1735 2851 (17)

44 2864 213 2909 respici
270 2867 304 2897 r.
