1988 3152
509 83 968 126 ELEMENTORUM
996 84 1180 125 LIBER
1210 83 1261 125 V.
1699 81 1764 133 17

73 204 463 276 magnitudinis
510 205 565 256 Γ
605 219 771 272 aeque
825 202 1152 271 multiplices
1210 204 1360 270 sunt,
1417 203 1471 253 et
1518 205 1766 271 sumptae

74 297 201 348 sunt
237 291 674 362 magnitudinum
714 294 779 356 E,
807 293 852 342 Z
892 307 1062 358 aeque
1103 290 1429 359 multiplices
1461 293 1534 358 K,
1560 293 1629 358 A,
1665 291 1767 343 erit

74 386 132 436 K
157 380 546 451 magnitudinis
565 384 618 432 A
642 381 696 432 et
719 380 771 431 A
795 378 1184 448 magnitudinis
1209 381 1263 432 Γ
1281 396 1448 448 aeque
1482 379 1768 448 multiplex

76 473 250 539 [prop.
283 467 406 535 111].
468 467 654 520 eadem
703 467 767 519 de
808 485 969 520 causa
1008 470 1083 523 M
1112 467 1503 537 magnitudinis
1544 471 1591 520 Β
1626 470 1680 521 et
1710 467 1772 520 N

74 557 463 628 magnitudinis
505 561 559 609 A
599 573 766 625 aeque
805 555 1093 624 multiplex
1131 559 1228 608 est.
1293 558 1347 608 et
1387 556 1645 624 quoniam
1686 559 1770 610 est

73 653 127 701 A
151 668 163 701 ε
187 651 235 700 Β
261 673 330 690 =
355 649 409 699 Γ
427 666 439 699 :
464 650 544 713 A,
593 648 647 698 et
685 647 934 714 sumptae
975 648 1102 698 sunt
1143 644 1582 715 magnitudinum
1621 649 1698 710 A,
1723 645 1776 696 Γ

75 753 243 805 aeque
282 734 608 803 multiplices
649 736 728 801 K,
755 736 807 784 A
847 736 901 786 et
946 733 1384 803 magnitudinum
1431 737 1503 801 Β,
1529 737 1585 785 A
1632 732 1770 785 aliae

75 825 298 894 quaeuis
338 841 506 892 aeque
541 822 874 891 ‚multiplices
915 824 1005 891 Μ,
1030 825 1114 891 Ν,
1156 823 1202 875 si
1241 825 1298 875 K
1337 821 1771 892 magnitudinem

74 915 149 966 M
179 915 422 981 superat,
470 911 635 964 etiam
676 913 728 962 A
766 898 1199 982 magnitudinem
1239 914 1304 963 N
1337 913 1581 980 superat,
1613 913 1685 963 'et
1725 911 1772 963 si

75 1001 331 1070 aequalis,
370 999 611 1069 aequalis
651 1001 746 1067 est,
787 1002 841 1052 et
881 999 927 1052 si
965 1000 1160 1068 minor,
1191 1000 1369 1053 minor
1413 999 1540 1066 [def.
1577 998 1653 1065 5].
1717 1001 1771 1051 et

74 1092 147 1157 K,
173 1092 224 1140 A
254 1088 692 1158 magnitudinum
716 1091 783 1155 E,
810 1091 855 1139 Z
880 1105 1048 1157 aeque
1081 1088 1410 1157 multiplices
1437 1090 1579 1155 sunt,
1604 1091 1687 1156 M,
1714 1089 1779 1141 Ν

76 1180 258 1230 autem
296 1177 730 1248 magnitudinum
769 1178 853 1244 H,
879 1179 927 1228 Θ
964 1177 1101 1229 aliae
1134 1176 1357 1245 quaeuis
1392 1193 1559 1245 aeque
1592 1176 1773 1228 multi-

74 1267 256 1335 plices,
316 1267 500 1335 itaque
540 1268 592 1316 E
613 1284 625 1317 :
649 1267 714 1316 H
732 1289 802 1307 =
829 1267 909 1317 Z:
936 1267 983 1316 Θ
1025 1263 1148 1331 [def.
1188 1264 1262 1331 5].

187 1355 335 1425 Ergo
399 1355 445 1408 si
503 1354 680 1423 prima
742 1353 810 1406 ad
873 1353 1163 1407 secundam
1215 1353 1443 1418 eandem
1502 1353 1773 1406 rationem

75 1443 243 1496 habet
289 1462 351 1497 ac
394 1443 556 1496 tertia
603 1442 671 1494 ad
703 1445 981 1512 quartam,
1022 1443 1187 1495 etiam
1226 1443 1431 1512 primae
1470 1441 1773 1511 tertiaeque

78 1549 244 1601 aeque
275 1531 604 1600 multiplices
638 1531 705 1583 ad
738 1530 1001 1583 secundae
1026 1532 1357 1599 quartaeque
1392 1547 1559 1598 aeque
1591 1531 1775 1583 multi-

76 1621 244 1690 plices
268 1620 511 1689 qualibet
540 1619 994 1688 multiplicatione
1025 1619 1316 1688 productas
1351 1619 1577 1672 eandem
1609 1619 1773 1673 ratio·

79 1726 205 1761 nem
234 1708 514 1771 habebunt
553 1726 650 1761 suo
683 1708 871 1761 ordine
912 1710 1181 1778 sumptae3
1224 1707 1367 1778 quod
1409 1710 1525 1761 erat
1558 1707 1773 1761 demon-

80 1796 374 1850 strandum.

888 1884 956 1938 V.

195 1986 253 2041 Si
308 1988 625 2057 magnitudo
680 1988 1075 2057 magnitudinis
1131 2006 1298 2057 aeque
1352 1989 1637 2058 multiplex
1691 1994 1776 2043 est

83 2078 243 2144 atque
298 2076 478 2128 ablata
535 2076 773 2145 ablatae,
834 2077 1001 2129 etiam
1053 2077 1266 2146 reliqua
1305 2078 1543 2147 reliquae
1607 2095 1775 2147 aeque

82 2163 367 2231 multiplex
408 2164 511 2216 erit
550 2182 612 2217 ac
651 2167 770 2218 tota
808 2165 997 2218 totius,

81 2322 162 2366 καὶ
208 2320 259 2367 τὸ
301 2327 340 2367 Λ
378 2324 462 2367 τοῦ
501 2326 571 2378 Ν,
619 2324 701 2368 καὶ
741 2323 786 2369 εἰ
827 2326 927 2369 ἴσον
968 2326 1092 2380 ἴσον,
1134 2325 1215 2370 καὶ
1255 2324 1302 2370 εἰ
1340 2324 1534 2372 ἔλαττον
1569 2325 1776 2381 ἔλαττον,

82 2381 224 2437 δῆλον
256 2376 328 2425 ὅτι
359 2382 441 2426 καὶ
473 2380 518 2427 εἰ
546 2380 767 2440 ὑπερέχει
797 2381 850 2428 τὸ
888 2384 1044 2428 Mum}
1075 2386 1128 2442 K,
1160 2381 1382 2443 ὑπερέχει
1414 2386 1497 2430 καὶ
1528 2384 1580 2430 τὸ
1615 2386 1774 2431 Ν·τοῦ

81 2445 142 2494 Λ,
188 2440 269 2484 καὶ
309 2439 354 2485 εἰ
391 2443 492 2486 ἴσον
540 2444 663 2496 ἴσον,
705 2442 787 2486 καὶ
827 2441 872 2487 εἰ
912 2441 1104 2487 ἔλαττον
1146 2441 1359 2502 ἔλαττον,
1403 2445 1484 2489 καὶ
1518 2443 1599 2489 διὰ
1633 2446 1775 2490 τοῦτο

84 2496 214 2543 ἔσται
237 2500 318 2543 καὶ
342 2497 405 2551 ὡς
428 2497 480 2544 τὸ
515 2504 564 2544 Η
584 2499 702 2557 πρὸς
726 2498 778 2546 τὸ
806 2505 861 2558 Ε,
886 2498 1035 2553 οὕτως
1057 2500 1110 2547 τὸ
1139 2504 1180 2547 Θ
1203 2500 1321 2559 πρὸς
1345 2501 1396 2548 τὸ
1425 2508 1472 2549 Ζ.
1539 2500 1775 2562 Πόρισμα.

84 2554 136 2602 ἐκ
176 2555 234 2614 δὴ
275 2557 445 2604 τούτου
489 2557 728 2618 φανερόν,
767 2555 842 2605 ὅτι
883 2558 970 2605 ἐὰν
1001 2559 1206 2619 τέσσαρα
1238 2563 1422 2620 μεγέθη
1454 2561 1694 2620 ἀνάλογον
1726 2557 1773 2621 ᾖ,

82 2616 162 2660 καὶ
217 2614 455 2662 ἀνάπαλιν
511 2614 745 2676 ἀνάλογον
802 2618 934 2664 ἔσται
981 2619 1153 2675 (FBV3
1210 2621 1414 2678 primum
1463 2619 1535 2667 ὅτι
1576 2637 1666 2668 om.
1715 2623 1775 2675 B;

82 2670 205 2719 οὕτω
237 2691 323 2733 pro
355 2671 503 2728 οὕτως
534 2678 593 2732 F;
638 2692 823 2735 semper
849 2677 1043 2724 ἔλασσον
1075 2680 1138 2734 V;
1177 2680 1225 2724 in
1257 2696 1287 2738 p
1327 2695 1420 2727 non
1460 2683 1648 2727 exstant
1687 2683 1780 2727 nisi

80 2733 251 2778 ultima
288 2736 395 2780 inde
435 2751 463 2781 a
501 2735 749 2795 πόρισμα);
788 2737 915 2783 idem
954 2738 1003 2782 in
1035 2739 1084 2784 P.
1119 2754 1212 2797 mg.
1247 2755 1308 2785 m.
1349 2755 1440 2786 rec.
1477 2744 1586 2798 (om,
1618 2741 1774 2799 priore

82 2788 196 2850 ὅτι);
245 2809 332 2839 om.
374 2796 411 2839 P
450 2811 510 2840 m.
554 2803 592 2852 1,
635 2796 920 2853 Campanus;
961 2798 1040 2842 cfr.
1083 2797 1143 2841 ad
1173 2813 1306 2856 prop.
1340 2800 1442 2844 VII.
1598 2806 1668 2845 24.
1702 2797 1776 2859 τό]

83 2865 196 2897 corr.
231 2867 286 2899 ex
319 2856 402 2899 τοῦ
433 2870 494 2901 m.
530 2861 551 2899 1
588 2857 637 2901 F.
761 2854 813 2900 τὸ
847 2852 979 2916 ὅλον]
1013 2872 1151 2914 supra
1182 2874 1227 2915 p.

172 2934 413 2977 Euclides,
438 2937 522 2973 edd.
548 2939 716 2979 Heiberg
740 2942 777 2971 et
801 2940 949 2979 Menge.
997 2940 1049 2972 11.
1483 2939 1508 2977 2
