1988 3152
528 63 987 106 ELEMENTORUM
1017 62 1198 104 LIBER
1227 61 1327 105 vn.
1674 59 1779 111 187

200 186 283 239 10.
321 183 610 253 Impariter
665 184 844 234 autem
901 182 1078 251 impar
1137 199 1390 234 numerus
1454 183 1557 249 est,
1622 199 1780 249 quem

82 279 259 344 impar
319 287 573 327 numerus
637 270 931 325 secundum
992 271 1257 339 imparem
1319 287 1602 324 numerum
1671 287 1778 322 me·

81 366 228 418 titur.

196 455 279 507 11.
318 452 533 505 Primus
588 467 844 503 numerus
902 452 1006 517 est,
1061 465 1221 516 quem
1274 447 1458 501 unitas
1509 448 1624 501 sola
1671 465 1779 500 me-

81 543 230 595 titur.

199 631 281 684 12.
322 629 495 682 Primi
532 629 675 683 inter
715 645 770 681 se
810 628 1021 680 numeri
1061 632 1211 698 sunt,
1258 645 1393 698 quos
1442 628 1622 682 unitas
1663 628 1781 681 sola

82 720 381 774 communis
422 737 673 772 mensura
711 718 950 770 metitur.

196 810 278 863 13.
318 807 664 877 Compositus
711 825 965 860 numerus
1015 811 1118 877 est,
1168 825 1327 877 quem
1376 825 1632 860 numerus
1686 806 1780 858 ali-

85 899 203 968 quis
242 898 477 951 metitur.
829 908 833 911 ’

192 988 276 1040 14.
318 985 623 1055 Compositi
662 988 805 1042 inter
838 1008 894 1043 se
926 987 1136 1041 numeri
1170 989 1311 1055 sunt,
1353 1004 1487 1055 quos
1519 1002 1778 1038 numerus

84 1077 279 1146 aliquis
321 1077 623 1130 communis
663 1096 915 1132 mensura
955 1077 1190 1130 metitur.

198 1166 280 1219 15.
319 1165 593 1219 Numerus
649 1185 935 1220 numerum
989 1164 1351 1233 multiplicare
1406 1163 1625 1232 dicitur,
1687 1162 1781 1216 ubi

81 1257 214 1324 quot
252 1259 379 1307 sunt
416 1255 474 1307 in
514 1273 576 1308 00
618 1254 879 1325 1111113103,
925 1254 1089 1308 toties
1130 1253 1476 1322 componitur
1523 1269 1779 1304 numerus

80 1343 475 1412 multiplicatus
485 1386 499 1411 ‚
539 1347 594 1396 et
633 1346 806 1398 oritur
845 1343 1042 1414 aliquis
1080 1360 1352 1396 numerus.

195 1433 277 1485 16.
318 1432 429 1486 Ubi
470 1436 652 1486 autem
693 1434 797 1488 duo
837 1432 1049 1486 numeri
1087 1431 1230 1485 inter
1263 1449 1319 1485 se
1351 1430 1778 1501 multiplicantes

77 1540 364 1575 numerum
397 1523 634 1593 aliquem
667 1523 923 1590 efficiunt,
954 1539 1211 1575 numerus
1243 1520 1367 1574 inde
1401 1523 1551 1574 ortus
1583 1521 1779 1591 planus

81 1613 330 1680 uocatur,
384 1611 560 1664 latera
615 1615 797 1666 autem
853 1611 965 1664 eius
1020 1610 1231 1663 numeri
1284 1610 1427 1662 inter
1485 1629 1541 1663 se
1596 1609 1780 1662 multi-

75 1700 358 1769 plicantes,

88 1863 104 1866 ‚.
195 1791 279 1843 17.
318 1789 429 1844 Ubi
469 1793 650 1843 autem
689 1793 800 1843 tres
840 1793 1054 1845 numeri
1085 1793 1230 1845 inter
1261 1809 1317 1843 se
1351 1789 1778 1858 multiplicantes

76 1897 361 1931 numerum
414 1879 648 1949 aliquem
689 1878 951 1943 efficiunt,
1001 1898 1259 1934 numerus
1298 1878 1423 1931 inde
1464 1882 1614 1932 ortus
1656 1879 1778 1932 soli-

77 1968 174 2021 dus
229 1971 334 2037 est,
383 1968 556 2021 latera
612 1971 792 2021 autem
848 1968 965 2023 eius
1021 1971 1232 2023 numeri
1286 1970 1428 2022 inter
1487 1986 1543 2021 se
1598 1967 1779 2020 multi-

75 2057 356 2126 plicantes.

192 2147 274 2200 18.
317 2146 624 2210 Quadratus
688 2167 943 2204 numerus
1007 2153 1090 2203 est
1154 2149 1451 2219 aequaliter
1513 2148 1773 2218 aequaliS‚

76 2236 191 2289 siue
269 2237 362 2305 qui
437 2238 646 2291 duobus
726 2240 1038 2309 aequalibus
1115 2239 1354 2292 numeris
1431 2237 1778 2308 comprehen-

77 2324 236 2378 ditur.

82 2544 171 2575 om.
202 2531 258 2574 V.
396 2535 437 2576 8.
470 2531 522 2577 δε
557 2530 673 2589 πρός
703 2532 752 2580 P.
894 2539 960 2579 14.
995 2532 1391 2589 πολυπλασιοὲζειν
1430 2533 1566 2591 PBp.
1707 2539 1776 2578 16.

78 2589 617 2661 πολλαπλασιαζόμενος]
661 2590 878 2651 -ζόμενος
910 2608 934 2638 0
969 2608 1084 2639 corr.
1125 2599 1246 2639 111.2
1279 2610 1323 2652 p.
1452 2598 1548 2639 ’18
1581 2593 1777 2637 ποιῶσιν

83 2647 180 2693 ΡΒ.
303 2655 374 2695 22.
406 2651 605 2695 ποιῶσιν
637 2652 686 2696 Β.
813 2648 955 2726 ἐστιν]
991 2653 1050 2709 F,
1084 2667 1232 2711 comp.
1266 2669 1321 2711 p·
1364 2649 1462 2698 ἐστι
1492 2653 1544 2710 P,
1576 2652 1778 2707 Psellus;

82 2711 296 2753 καλεῖται
326 2709 430 2754 BV.
553 2716 623 2755 23.
659 2710 807 2769 Supra
840 2710 889 2757 οἱ
915 2712 966 2756 111
997 2711 1033 2755 P
1058 2727 1117 2759 m.
1151 2726 1242 2759 rec.
1276 2708 1378 2757 δύο.
