1988 3152
547 100 1007 142 ELEMENTORUM
1036 101 1218 141 LIBER
1249 100 1349 142 vn.
1690 95 1798 148 209

103 225 209 274 ΕΒ
263 221 457 289 reliqui
503 223 614 272 ZA
662 220 877 273 easdem
928 223 1111 288 paries
1161 237 1299 288 esse,
1350 235 1487 288 quae
1535 218 1607 270 sit
1653 220 1800 270 izossus

102 314 211 363 AB
250 310 421 362 {notius
462 310 578 362 TA.
1766 304 1779 317 ⁹

213 402 448 468 ponatur
485 399 630 451 enim
669 401 784 451 ΗΘ
809 423 878 441 =
904 401 1029 450 AB.
1109 398 1293 466 itaque
1335 414 1474 466 quae
1503 398 1686 464 partes
1719 397 1803 447 esi]

102 489 216 539 ΗΘ
253 487 466 540 numeri
507 488 634 553 TA,
683 486 902 539 eaedem
950 488 1034 538 est
1084 486 1248 537 etiam
1287 488 1402 537 AE
1436 484 1649 537 numeri
1690 485 1803 536 ΓΖ.

102 574 377 628 diuidatur
426 578 540 628 ΗΘ
585 576 643 627 in
689 577 835 642 ΗΚ,
876 577 988 627 ΚΘ
1042 577 1224 642 paries
1278 574 1490 626 numeri
1538 576 1654 641 TA,
1694 576 1810 626 AE

103 668 286 718 autem
325 666 384 717 in
423 669 475 717 A
486 668 558 732 A,
591 667 706 716 AE
741 666 923 733 partes
963 663 1176 716 numeri
1218 665 1331 715 ΓΖ.
1409 664 1593 732 itaque
1625 662 1806 715 mulbi-

823 753 954 805 ’cudo
979 770 1330 805 numerorum
1355 754 1496 818 HK,
1523 754 1634 803 ΚΘ
1670 750 1806 803 mul-

106 797 150 882 Γ
479 798 513 838 Z
650 800 692 880 A
822 841 1046 894 titudini
1106 858 1454 893 numerorum
1510 845 1562 892 A
1572 843 1623 892 A
1634 882 1646 906 ‚
1700 842 1812 892 ΛΕ

107 915 542 1001 {s—„ffiK-—IJLP
824 930 1066 999 aequalis
1108 932 1208 982 est.
1277 932 1331 980 elz
1374 928 1631 997 quoniam
1671 945 1807 997 quae

103 1036 140 1076 Α
232 1036 274 1076 Λ
357 1034 399 1075 Ε
491 1034 527 1075 Β
623 1080 633 1091 ,
858 1036 985 1087 pars
1045 1021 1129 1071 est
1190 1019 1318 1070 HK
1361 1018 1575 1070 numeri
1631 1019 1770 1086 TA,
1854 1012 1861 1015 Γ

118 1090 505 1120 ¹——4—*—'
824 1107 1011 1160 eadem
1056 1110 1142 1160 esi,
1184 1109 1298 1159 ΑΛ
1336 1106 1548 1158 numeri
1591 1107 1714 1174 TZ,
1755 1109 1828 1163 et,

107 1200 210 1251 TA
233 1207 291 1258 >
315 1199 434 1264 TZ,
458 1197 561 1249 erit
586 1196 751 1249 etiam
775 1197 968 1256 HK>
987 1198 1117 1248 AA.
1179 1198 1416 1264 ponatur
1440 1196 1661 1246 HM=
1682 1197 1808 1248 AA.

105 1288 288 1356 itaque
344 1303 481 1355 quae
537 1303 664 1354 pars
720 1288 803 1337 est
857 1287 984 1337 HK
1033 1285 1250 1337 numeri
1304 1286 1429 1352 TA,
1486 1283 1674 1335 eadem
1729 1286 1812 1335 est

106 1379 250 1430 HM
262 1375 474 1428 numeri
501 1376 618 1427 TZ.
683 1391 848 1442 quare
874 1374 1038 1426 eliam
1063 1373 1303 1442 reliquus
1329 1375 1460 1426 MK
1479 1372 1676 1441 reliqui
1702 1375 1813 1424 ZA

107 1464 295 1518 eadem
326 1482 455 1532 pars
490 1464 595 1531 est,
629 1479 765 1531 quae
798 1464 947 1514 totus
981 1464 1106 1514 HK
1132 1461 1301 1514 'notius
1334 1463 1439 1514 TA
1472 1462 1648 1530 [prop.
1665 1460 1814 1528 VII].

107 1571 296 1606 rursus
337 1551 594 1622 quoniam
635 1569 771 1619 quae
810 1569 937 1619 pars
972 1554 1055 1603 est
1087 1553 1197 1603 ΚΘ
1227 1551 1441 1602 numeri
1473 1552 1593 1619 TA,
1625 1549 1813 1603 eadeni

108 1646 192 1696 est
225 1644 335 1695 EA
365 1640 579 1693 numeri
607 1641 722 1708 TZ‚
747 1643 801 1693 et
827 1641 930 1692 TA
946 1647 1004 1700 >
1024 1642 1139 1708 ΓΖ,
1165 1641 1268 1693 erit
1293 1640 1459 1692 etiam
1486 1642 1599 1692 ΘΚ
1612 1647 1670 1699 >
1687 1642 1813 1691 EA.

108 1733 347 1801 ponatur
394 1731 611 1781 KN=
638 1730 763 1782 EA.
847 1728 1032 1798 iisaque
1081 1746 1219 1796 quae
1266 1746 1393 1796 pars
1442 1730 1526 1780 est
1564 1730 1675 1781 ΚΘ
1718 1746 1813 1779 nu-

109 1820 244 1873 meri
285 1820 409 1886 TA,
457 1817 644 1870 eadem
692 1819 777 1870 est
815 1819 873 1869 Κ
879 1819 945 1870 Ν
976 1816 1190 1869 numeri
1238 1818 1353 1868 ΓΖ.
1438 1835 1602 1886 quare
1651 1817 1814 1869 eiiam

108 1910 349 1978 reliquus
389 1910 504 1959 ΝΘ
542 1905 738 1976 reliqui
778 1909 890 1958 ZA
930 1905 1120 1958 eadem
1158 1923 1285 1974 pars
1327 1908 1432 1974 est,
1480 1923 1618 1974 quae
1663 1907 1812 1959 totus

0 2043 3 2047 .
111 2001 223 2051 ΚΘ
261 1996 432 2050 totius
481 1997 585 2048 TA
635 1996 811 2064 [prop.
843 1992 991 2061 VII].
1070 1993 1561 2047 demonstrauimus
1611 1996 1811 2062 autem,

112 2103 229 2140 esse
269 2085 437 2139 etiam
475 2078 747 2154 reliquurh
780 2085 912 2135 MK
948 2082 1143 2151 reliqui
1177 2085 1287 2134 ZA
1318 2082 1543 2135 eandem
1582 2086 1815 2152 partem,

0 2162 8 2181 ²
113 2193 251 2244 quae
274 2176 423 2227 totus
448 2176 573 2226 HK
592 2173 763 2226 totius
790 2172 862 2224 sit
887 2174 1006 2225 TA.
1071 2189 1233 2241 quare
1271 2171 1438 2224 etiam
1465 2174 1599 2224 MK
1614 2174 1681 2239 4-
1702 2175 1815 2225 ΝΘ

113 2264 332 2317 eaedem
364 2265 547 2332 partes
583 2265 711 2315 sunt
742 2261 955 2314 numeri
990 2266 1044 2313 A
1056 2264 1119 2328 Ζ,
1154 2279 1290 2330 quae
1321 2263 1470 2314 totus
1496 2264 1618 2314 ΘΗ
1642 2261 1814 2315 ’σοί-,1113

180 2473 251 2513 22.
285 2465 378 2526 ὧν]
414 2482 504 2512 om.
538 2482 592 2523 p,
626 2464 683 2511 ὄν
713 2467 771 2512 V.
863 2466 988 2525 ΗΚ]
1023 2470 1125 2511 ΚΗ
1153 2467 1203 2511 P.
1297 2472 1368 2511 23.
1403 2467 1512 2525 TA]
1548 2470 1645 2512 AT
1670 2467 1816 2525 FVp.

116 2528 249 2587 MK]
283 2538 399 2573 eras,
433 2527 487 2572 V.
582 2527 708 2583 ΝΘ]
742 2539 858 2570 corr.
891 2539 947 2569 ex
982 2527 1077 2571 ΗΘ
1108 2541 1170 2571 m.
1204 2532 1229 2571 2
1262 2541 1306 2583 p.
1400 2532 1471 2571 24.
1506 2527 1622 2586 AZ]
1649 2531 1731 2571 ΛΖ
1756 2527 1815 2582 F;

117 2590 207 2631 ZA
238 2587 332 2645 Vp.
459 2586 583 2644 ΘΗ]
618 2587 716 2630 ΗΘ
747 2585 888 2642 FVp.

211 2966 457 2998 Euclides.
486 2966 570 2998 edd.
588 2967 754 3002 Hoibertz
779 2968 815 2997 et
840 2966 988 3005 Menge.
1036 2965 1090 2998 U.
1498 2965 1541 3001 14
