1988 3152
861 594 993 655 VII.

694 737 1155 792 Definitiones

194 846 238 897 1.
278 843 476 897 Unitas
517 845 601 895 est
641 860 727 913 ea,
767 843 1060 900 secundum
1102 861 1263 912 quam
1294 861 1649 912 unaquaeque
1688 861 1774 896 res

78 951 187 986 una
226 932 552 986 nominatur.

189 1022 240 1074 2.
278 1021 551 1075 Numerus
609 1024 791 1074 autem
849 1024 932 1074 est
994 1021 1285 1075 multitudo
1350 1039 1413 1074 ex
1475 1020 1776 1076 unitatibus

75 1110 393 1180 composita.

190 1199 239 1252 3.
279 1197 414 1250 Pars
456 1200 539 1250 est
578 1198 756 1251 minor
792 1215 1048 1251 numerus
1089 1197 1333 1268 maioris,
1383 1198 1476 1251 ubi
1515 1197 1778 1251 maiorem

76 1287 313 1341 metitur.

187 1378 238 1429 4.
278 1375 468 1429 Partes
510 1379 716 1445 autem,
757 1376 851 1429 ubi
891 1395 1003 1431 non
1042 1377 1278 1430 metitur.

189 1466 238 1520 ὅ.
277 1465 563 1535 Multiplex
604 1469 785 1519 autem
825 1467 999 1520 maior
1039 1466 1281 1537 minoriS,
1320 1467 1414 1520 ubi
1445 1467 1624 1520 minor
1657 1484 1778 1519 eum

74 1556 312 1609 metitur.

191 1645 239 1698 6.
279 1643 385 1698 Par
429 1662 685 1697 numerus
735 1647 839 1713 est,
889 1645 981 1715 qui
1019 1646 1076 1697 in
1117 1645 1250 1698 duas
1298 1648 1479 1715 partes
1527 1645 1778 1714 aequales

78 1733 348 1787 diuiditur.

191 1824 238 1876 7.
278 1823 464 1892 Impar
504 1826 710 1893 autem,
751 1823 842 1893 qui
881 1824 936 1876 in
977 1824 1110 1877 duas
1150 1828 1336 1895 partes
1379 1824 1631 1894 aequales
1669 1842 1780 1877 non

79 1911 357 1981 diuiditur,
398 1912 514 1965 siue
556 1913 650 1979 qui
689 1912 900 1965 unitate
945 1912 1124 1966 differt
1164 1933 1195 1967 a
1234 1914 1357 1983 pari
1395 1931 1640 1966 numero.

192 2002 239 2055 8.
278 2000 488 2059 Pariter
541 2020 640 2070 par
691 2003 773 2054 est
818 2020 1102 2072 numerUS‚
1159 2021 1316 2073 quem
1370 2021 1471 2072 par
1527 2019 1781 2055 numerus

0 2088 3 2094 ’
83 2090 376 2144 secundum
414 2108 604 2160 parem
642 2109 926 2144 numerum
967 2089 1255 2162 metitur.¹)

192 2180 242 2233 9.
282 2179 494 2233 Pariter
541 2186 721 2233 autem
767 2181 946 2251 impar
983 2178 1096 2253 test,
1154 2199 1313 2250 quem
1366 2199 1466 2250 par
1521 2199 1775 2234 numerus

80 2269 374 2322 secundum
415 2270 678 2339 imparem
723 2284 1008 2324 numerum
1050 2268 1334 2341 metitur.2)

206 2447 247 2503 1)
279 2445 383 2492 Def.
431 2450 458 2490 8
507 2446 707 2505 scriptor
752 2447 909 2493 nescio
958 2447 1084 2506 quis,
1133 2448 1214 2505 qui
1250 2447 1508 2507 Philoponi
1547 2461 1780 2493 commen-

82 2505 254 2549 tarium
292 2502 344 2550 in
382 2505 725 2551 Nicomachum
756 2506 1055 2562 retractauit,
1095 2508 1221 2565 apud
1250 2506 1413 2554 Hoche
1444 2507 1629 2566 Philop.
1665 2513 1777 2553 1865

80 2578 125 2621 p.
165 2563 206 2608 V
255 2563 304 2608 in
352 2564 634 2620 quibusdam
680 2562 995 2624 ἀντιγράφοις
1033 2566 1102 2611 ita
1140 2566 1323 2612 inuenit
1362 2581 1650 2626 expressam:
1698 2563 1780 2623 ἀρ·
1820 2610 1822 2612 .

85 2619 236 2673 tainu,-
268 2619 428 2680 ἄρτιός
460 2620 585 2669 ἔστιν
617 2620 824 2683 ἀριθμὸς
856 2623 880 2670 ὁ
914 2621 1007 2670 ὑπὸ
1042 2621 1207 2683 ἀρτίου
1232 2624 1443 2685 ἀριθμοῦ
1469 2623 1591 2671 κατὰ
1617 2622 1780 2683 ἄρτιον

85 2677 296 2739 ἀριθμὸν
330 2681 482 2740 μόνως
513 2681 853 2743 μετρούμενος,
888 2684 945 2730 de
978 2698 1070 2742 qua
1102 2686 1332 2743 scriptura.
1361 2685 1483 2731 falsa
1513 2700 1556 2731 u.
1586 2685 1782 2730 Studien

199 2804 245 2857 2)
279 2801 348 2846 De
397 2802 487 2848 def.
531 2802 567 2846 ι’
599 2803 890 2860 interpolata.
928 2819 970 2848 u,
1016 2803 1212 2850 Studien
1250 2820 1295 2863 p.
1339 2810 1424 2851 198
1460 2819 1552 2861 sq.;
1593 2818 1681 2848 om.
1722 2803 1780 2847 ed

82 2858 224 2904 Basil.
259 2861 308 2905 et
338 2860 601 2919 Gregorius.
