1988 3152
535 99 997 142 ELEMENTORUM
1026 99 1210 142 LIBER
1239 100 1316 142 vr.
1682 96 1789 150 179

0 282 10 288 ,
85 220 335 290 aequalia
386 219 651 273 habentes
704 219 763 271 in
817 237 926 274 uno
983 220 1181 290 angulo
1230 202 1658 290 coniunguntur)
1709 218 1790 272 ita

83 312 145 362 ut
185 308 665 378 correspondentia
702 308 876 361 latera
916 308 1079 361 etiam
1117 308 1382 377 parallela
1422 307 1545 378 sint,
1582 306 1791 377 reliqua

82 399 257 452 latera
286 398 685 468 triangulorum
717 398 776 450 in
808 396 996 450 eadem
1035 400 1184 450 reeta
1218 399 1377 450 erunt
1408 397 1612 467 posita3
1644 396 1789 466 quod

84 492 202 541 erat
241 487 733 541 demonstrandum.

806 634 1057 689 XXXIII.

192 738 258 792 In
304 739 515 792 circulis
564 739 883 809 aequalibus
934 739 1124 810 anguli
1171 739 1398 792 eandem
1451 738 1658 793 habent
1705 757 1789 792 ra-

0 852 20 887 ῑ-
78 828 285 881 tionem
341 846 501 897 quam
557 846 712 882 arcus
722 871 736 899 ,
790 828 849 881 in
905 828 1099 898 quibus
1155 829 1487 899 consistunt,
1551 829 1666 882 siue
1722 828 1790 882 ad

0 902 4 996 ¹.
84 920 269 970 centra
309 917 422 970 siue
462 917 530 970 ad
571 918 806 971 ambitus
845 918 1012 988 positi
1052 915 1238 989 sunt.¹)

0 1008 6 1076 ᾗ
194 1004 318 1059 Sint
373 1007 623 1076 aequales
671 1007 859 1061 circuli
907 1010 1088 1078 ΑΒΓ,
1129 1010 1320 1078 ΔΕΖ,
1376 1010 1430 1061 et
1484 1006 1552 1060 ad
1601 1010 1790 1060 centra

82 1088 267 1149 eorum
298 1098 371 1167 Η,
395 1101 443 1150 Θ
473 1097 640 1167 positi
672 1098 781 1151 sint
812 1097 1000 1168 anguli
1030 1099 1214 1167 ΒΗΓ,
1238 1100 1415 1167 ΕΘΖ,
1449 1096 1516 1150 ad
1549 1096 1788 1150 ambitus

79 1943 262 1994 autem
301 1943 486 2009 ΒΑΓ,
518 1943 703 1993 ΕΔΖ.
782 1939 924 2006 dieo,
965 1956 1080 1992 esse

75 2048 179 2084 aro.
218 2032 364 2083 BF:
399 2047 503 2083 are.
541 2032 646 2082 EZ
679 2054 748 2072 =
783 2033 818 2091 L
851 2029 1030 2081 ΒΗΓ
1055 2047 1066 2080 :
1092 2031 1252 2081 ΕΘΖ
1278 2053 1348 2072 =
1373 2031 1576 2082 BAP:
1599 2033 1787 2084 EAZ.

193 2122 463 2189 ponantur
510 2118 655 2171 enim
703 2116 953 2187 deinceps
1001 2117 1149 2171 arcui
1187 2120 1297 2171 ΒΓ
1330 2119 1584 2188 aequales
1634 2124 1787 2190 quot-

75 2208 212 2262 libet
245 2227 400 2262 arcus
433 2210 557 2277 ΓΚ,
582 2209 639 2260 Κ
647 2210 713 2276 Λ,
747 2206 895 2260 arcui
929 2208 1113 2259 autem
1143 2209 1249 2259 EZ
1283 2207 1553 2277 quotlibet
1586 2227 1786 2280 aequa—

76 2296 156 2351 les
197 2301 342 2368 ΖΜ,
374 2301 527 2367 ΜΝ,
567 2300 622 2350 et
660 2297 925 2350 ducantur
963 2298 1107 2366 ΗΚ,
1137 2299 1280 2367 ΗΛ,
1312 2301 1455 2366 ΘΜ,
1489 2300 1623 2351 ΘΝ.

187 2387 299 2442 iam
338 2387 595 2457 quoniam
634 2403 789 2440 arcus
832 2387 941 2438 ΒΓ
960 2410 1029 2429 =
1055 2387 1169 2439 ΓΚ
1192 2410 1262 2430 =
1287 2389 1346 2439 Κ
1354 2389 1406 2439 Λ
1413 2429 1427 2457 ,
1477 2386 1583 2441 erit
1620 2388 1785 2443 etiam

202 2581 244 2635 1)
275 2577 345 2623 De
375 2575 821 2635 interpolationibus
855 2575 1060 2621 Theonis
1090 2574 1174 2622 lin.
1201 2581 1227 2622 9
1253 2577 1302 2623 et
1324 2576 1406 2623 lin.
1436 2583 1490 2624 16
1516 2578 1596 2624 cfr.
1622 2594 1670 2637 p.
1701 2584 1785 2625 183

85 2639 181 2684 not.
216 2644 263 2693 13
296 2652 385 2684 om.
422 2635 685 2695 Campanus
715 2637 803 2692 VI,
838 2640 908 2680 32.

81 2841 141 2873 m.
172 2844 264 2876 rec.
295 2831 346 2878 P.
498 2835 570 2876 21.
602 2831 723 2890 ἴσαι]
756 2831 843 2876 καί
868 2830 927 2889 Ρ,
961 2843 1075 2876 corr.
1107 2844 1168 2876 m.
1201 2843 1292 2876 rec.
1325 2836 1339 2850 ·
1442 2829 1580 2890 εἰσίν]
1616 2845 1706 2877 om.
1737 2845 1782 2888 p.

83 2889 201 2949 rx]
230 2886 375 2935 '‘K'r
401 2890 451 2935 F.

1424 2963 1515 3009 12*
