1988 3152
558 71 1020 115 ELEMENTORUM
1050 70 1232 111 LIBER
1262 69 1342 113 VI.
1743 63 1814 116 97

122 195 375 248 minores.
452 192 595 260 dieo,
659 190 1049 260 aequiangulos
1076 224 1079 225 ν
1105 206 1221 261 esse
1276 186 1583 256 triangulos
1639 187 1818 254 ΑΒΓ,

122 285 316 348 ΔΕΖ,
364 283 419 333 et
457 284 492 342 L
517 281 780 332 ABF=
807 281 1001 346 AEZ,
1050 279 1128 346 et,
1172 279 1235 329 ut
1271 274 1396 327 inde
1436 274 1682 343 adparet,
1727 273 1821 342 qui

121 370 449 447 relinquitur
489 356 722 438 angulus
755 366 824 419 ad
855 368 909 418 Γ
934 366 1160 435 positus,
1198 365 1407 433 reliquo
1441 363 1641 433 angulo
1674 362 1740 415 ad
1775 365 1820 414 Z

124 458 307 527 posito
350 457 631 526 aequalem
670 473 802 508 esse.

237 564 365 598 nam
391 545 437 598 si
462 550 497 607 L
524 550 578 597 A
587 546 699 597 ΒΓ
708 544 907 613 angulo
928 547 984 595 A
993 546 1045 594 E
1052 546 1097 594 Z
1113 543 1416 612 inaequalis
1443 545 1539 612 est,
1566 542 1824 594 alteruter

128 652 315 686 eorum
363 633 537 685 maior
587 635 683 685 est.
755 631 829 684 sit
876 631 1049 684 maior
1087 635 1122 692 l,
1147 633 1327 700 ΑΒΓ,
1377 633 1430 683 et
1479 631 1827 683 construatur

127 722 197 775 'ad
247 724 453 774 rectam
493 724 602 773 AB
643 723 697 772 et
741 722 1003 789 punctum
1051 719 1165 771 eius
1206 722 1253 771 Β
1294 722 1628 781 LABH=
1656 720 1826 770 AEZ

128 809 192 879 [1,
232 810 346 876 23].
425 812 479 862 et
518 809 775 878 quoniam
816 813 852 871 L
876 813 930 861 A
956 833 1025 851 =
1052 813 1086 870 L
1113 812 1168 860 A
1200 810 1256 861 et
1286 812 1322 870 L
1347 810 1828 880 ABH=,AEZ,

128 900 235 952 erit
266 903 302 961 L,
327 901 508 951 AHB
534 923 604 941 =
631 902 685 950 Δ
697 901 805 950 ΖΕ
843 896 906 966 [1,
939 897 1050 963 32].
1120 897 1302 965 itaque
1340 896 1605 966 trianguli
1636 900 1689 948 Α
1699 897 1828 962 ΒΗ,

133 991 304 1040 AEZ
338 986 690 1057 aequianguli
731 987 873 1037 sunt.
939 1003 1105 1053 quare
1139 988 1247 1037 AB
1272 1005 1285 1038 ε
1310 988 1434 1037 ΒΗ
1453 1009 1520 1027 --
1547 987 1699 1036 ΛΕε
1725 985 1831 1036 ΕΖ

129 1077 309 1145 [prop.
325 1074 446 1142 IV].
488 1073 581 1127 sed
608 1073 1007 1144 supposuimuS,
1034 1091 1152 1126 esse
1180 1080 1236 1125 A
1246 1077 1323 1125 E:
1341 1076 1447 1125 EZ
1466 1098 1534 1115 =
1554 1076 1664 1125 AB
1683 1091 1694 1125 :
1712 1073 1832 1125 ΒΓ.

130 1165 315 1234 itaque
363 1167 472 1216 AB
521 1163 587 1215 ad
634 1165 921 1231 utramque
969 1164 1088 1231 ΒΓ,
1120 1164 1245 1213 ΒΗ
1287 1161 1512 1214 eandem
1562 1161 1832 1213 rationem

131 1253 300 1305 habet
333 1251 423 1321 [V,
460 1252 566 1318 11].
623 1269 787 1321 quare
819 1252 933 1303 ΒΓ
951 1275 1019 1293 =
1045 1253 1168 1302 BH
1192 1249 1283 1320 [V,
1314 1250 1389 1316 9].
1452 1250 1636 1319 itaque
1669 1249 1835 1301 etiam

137 1343 370 1412 angulus
414 1341 482 1393 ad
511 1343 566 1394 Γ
589 1341 802 1411 positus
836 1340 1040 1409 angulo
1074 1341 1254 1392 ΒΗΓ
1281 1339 1526 1408 aequalis
1560 1341 1644 1392 est
1668 1337 1734 1406 [1,
1759 1337 1836 1403 5].

133 1429 519 1502 supposuimus
559 1433 758 1498 autem,
798 1430 1063 1499 angulum
1103 1428 1171 1481 ad
1210 1430 1263 1480 Γ
1288 1428 1531 1495 positum
1570 1427 1837 1480 minorem

134 1538 250 1574 esse
311 1522 484 1588 reet03
549 1535 714 1588 quare
777 1517 944 1571 etiam
1006 1522 1042 1579 L
1066 1518 1245 1569 ΒΗΓ
1299 1516 1476 1570 minor
1530 1519 1613 1569 est
1672 1517 1838 1568 recto.

134 1610 319 1678 itaque
385 1607 616 1679 angulus
681 1606 931 1674 deinceps
993 1604 1204 1674 positus
1268 1608 1443 1657 AHB
1510 1604 1686 1658 maior
1755 1606 1840 1656 est

135 1701 284 1751 recto
327 1696 391 1766 [I‚
428 1697 535 1764 13].
606 1699 660 1749 et
710 1696 1146 1748 demonstratum
1186 1696 1290 1763 est,
1343 1712 1466 1746 eum
1514 1693 1717 1764 angulo
1769 1692 1838 1745 ad

138 1790 184 1839 Z
222 1787 404 1856 posito
454 1785 735 1854 aequalem
787 1801 919 1836 esse.
990 1798 1154 1852 quare
1204 1781 1371 1834 etiam
1412 1784 1644 1853 angulus
1685 1780 1753 1833 ad
1795 1784 1840 1832 Z

141 1874 354 1944 positus
408 1874 583 1927 maior
631 1876 715 1926 est
767 1874 930 1925 recto.
1016 1869 1400 1938 supposuimus
1458 1873 1661 1939 autem,
1719 1857 1842 1922 eum

20 1471 43 1570 tw*
32 1442 35 1455 -
32 1394 41 1401 .

40 1815 51 1836 —,
39 1746 52 1800 -vv
30 1579 48 1732 ‹rw-’²7

19 1580 30 1901 mat—*⁶⁷-

8 1903 43 2402 nemausa-*wi
40 1852 44 1858 .

140 1966 290 2017 recto
355 1963 620 2015 minorem
682 1979 822 2030 esse3
898 1958 1043 2029 quod
1114 1958 1408 2011 absurdum
1472 1961 1569 2011 est.
1659 1958 1841 2026 itaque

140 2057 177 2113 L
207 2052 379 2103 ΑΒΓ
425 2051 629 2120 angulo
687 2052 856 2102 AEZ
913 2047 1217 2116 inaequalis
1272 2065 1386 2100 non
1441 2050 1546 2115 est3
1602 2046 1842 2115 aequalis

140 2140 326 2209 igitur.
381 2157 569 2192 uerum
595 2139 759 2191 etiam
786 2137 1016 2208 angulus
1043 2135 1110 2189 ad
1141 2139 1195 2188 A
1226 2136 1438 2204 positus
1471 2135 1671 2205 angulo
1698 2135 1764 2187 ad
1792 2139 1845 2187 A

143 2229 325 2298 posito
352 2229 592 2297 aequalis
618 2230 715 2281 est.
770 2244 935 2297 quare
962 2225 1129 2278 etiam
1149 2224 1243 2293 qui
1266 2225 1589 2294 relinquitur
1615 2224 1845 2294 angulus

146 2317 214 2369 ad
244 2319 297 2370 Γ
330 2317 556 2386 positus,
595 2317 802 2386 reliquo
837 2299 1038 2384 angulo
1080 2312 1147 2366 ad
1189 2316 1234 2364 Z
1273 2313 1453 2381 posito
1490 2312 1731 2381 aequalis
1766 2314 1848 2364 est

149 2405 213 2474 [I‚
250 2406 362 2472 32].
436 2423 568 2477 ergo
610 2405 874 2476 trianguli
912 2403 1094 2471 ΑΒΓ,
1120 2405 1175 2453 A
1187 2404 1293 2453 EZ
1329 2402 1677 2472 aequianguli
1708 2403 1849 2453 sunt.

148 2550 333 2596 Theon:
360 2552 463 2596 ’καὶ
510 2549 573 2603 ὡς
611 2548 707 2606 ἄρα
744 2547 774 2606 ἡ
817 2553 898 2594 ΑΒ
938 2546 1054 2605 πρὸς
1091 2542 1180 2601 τὴν
1220 2548 1321 2602 ΒΓ,
1366 2541 1515 2598 οὕτως
1554 2543 1583 2603 ὴ
1619 2550 1700 2590 ΑΒ
1734 2542 1854 2603 πρὸς

150 2606 237 2666 τὴν
281 2613 376 2654 ΒΗ
417 2610 477 2667 (V
522 2613 568 2656 et
617 2611 691 2655 bis
735 2610 908 2655 omisso
952 2605 1038 2651 τίν
1078 2605 1234 2663 BFp).
1390 2611 1459 2651 18.
1499 2603 1592 2661 ἄρα
1634 2603 1759 2650 ἐστίν
1802 2604 1850 2648 Ρ.

213 2674 283 2715 19.
313 2666 431 2724 πρὸς
461 2671 524 2728 τῷ
561 2674 603 2714 Γ
661 2684 775 2715 corr.
811 2683 867 2714 ex
897 2663 991 2712 ὑπὸ
1026 2666 1174 2709 ΒΗΓ
1201 2681 1261 2712 m.
1296 2669 1322 2709 2
1348 2665 1401 2709 V.
1528 2665 1700 2722 ΒΗΓ]
1736 2678 1851 2708 corr.

153 2740 211 2772 ex
256 2730 403 2772 ΒΓΗ
444 2744 504 2774 m.
546 2735 572 2773 2
660 2764 670 2773 .
824 2733 895 2772 20.
937 2722 1144 2771 ἐλάσσων
1186 2741 1228 2782 p.
1387 2730 1459 2770 21.
1507 2725 1614 2782 καί]
1664 2738 1753 2769 om.
1802 2723 1852 2765 P.

214 2791 285 2832 22.
318 2783 467 2844 αὐτῆς
495 2788 546 2833 Ρ.
699 2793 770 2833 23.
804 2787 894 2845 τῶ]
932 2799 1048 2830 corr.
1083 2797 1137 2828 ex
1174 2782 1226 2829 τό
1259 2800 1319 2832 m.
1357 2791 1379 2830 1
1414 2784 1464 2829 B.
1619 2787 1688 2827 25.
1726 2778 1855 2826 ἐλάτ-

155 2861 249 2890 των
280 2846 329 2891 F.
453 2843 606 2906 ἐστίν]
642 2860 731 2891 om.
766 2835 847 2891 V.‘
943 2851 1013 2891 26.
1049 2846 1141 2889 ΔΕ
1158 2845 1217 2903 Ζ]
1254 2847 1391 2889 ΕΛΖ
1423 2859 1465 2901 p.

243 2927 494 2972 Euclides,
520 2930 603 2963 edd.
628 2930 799 2970 Heiberg
823 2931 861 2962 et
888 2928 1038 2968 Menge.
1086 2927 1138 2959 ΙΙ,
1563 2919 1586 2956 7
