1988 3152
498 63 960 106 ELEMENTORUM
990 65 1171 106 LIBER
1202 66 1255 106 V.
1683 65 1748 116 11

58 185 223 254 plices
286 186 435 252 sunt,
498 185 553 235 et
615 183 805 252 quinta
876 183 1141 236 secundae
1209 187 1466 253 sextaque
1529 188 1753 253 quartae

58 290 227 343 aeque
266 270 616 340 multiplices,
661 271 826 324 etiam
864 271 1042 340 prima
1082 271 1376 342 quintaque
1417 274 1751 342 compositae

60 361 324 414 secundae
364 363 418 412 et
457 359 623 412 tertia
660 361 917 428 sextaque
949 360 1282 428 compositae
1316 363 1542 430 quartae
1583 379 1752 432 aeque

55 448 384 517 multiplices
424 450 598 500 erunt.
763 504 768 509 ,

165 555 292 590 nam
333 537 512 607 prima
553 540 661 591 AB
701 538 965 591 secundae
998 540 1052 590 Γ
1075 541 1130 591 et
1169 539 1333 592 tertia
1373 544 1429 592 A
1438 544 1492 593 E
1528 543 1752 611 quartae

56 628 102 678 Z
142 643 311 695 aeque
359 625 688 695 multiplices
741 626 876 696 sint,
922 629 977 679 et
1016 625 1209 696 quinta
1248 631 1371 681 BH
1403 629 1666 683 secundae
1706 632 1759 682 Γ

381 745 416 784 Β
562 743 612 784 Η
948 718 1207 786 sextaque
1261 719 1367 770 ΕΘ
1423 721 1648 787 quartae
1705 722 1751 771 Z

50 791 581 829 A'—*-*“—³-”*-*
946 822 1114 873 aeque
1199 805 1530 874 multiplices
1624 807 1750 860 sint.

58 894 205 935 P1—;
944 892 1080 963 dico,
1119 894 1283 947 etiam
1322 894 1556 964 primam
1597 895 1751 965 quin-

55 1044 111 1097 ΔΙ
265 1070 267 1075 ¹
422 1070 424 1079 A
563 1011 604 1076 Ε
744 1009 918 1096 -φ
941 985 1161 1052 tamque
1187 984 1516 1083 compositas
1533 988 1587 1036 A
1595 987 1661 1037 H
1670 1002 1750 1037 se-

53 1145 262 1185 Zx—z
940 1071 1145 1124 eundae
1185 1074 1238 1124 Γ
1271 1075 1326 1124 et
1364 1075 1583 1126 tertlam
1633 1091 1748 1126 sex-

939 1161 1160 1229 tamque
1230 1162 1561 1231 compositas
1639 1166 1752 1216 ΔΘ

54 1251 277 1317 quartae
317 1251 363 1300 Z
402 1265 570 1316 aeque
609 1247 935 1316 multiplices
977 1266 1110 1302 esse.

158 1355 286 1390 nam
325 1337 581 1407 quoniam
617 1339 726 1388 AB
764 1336 1162 1407 magnitudinis
1202 1340 1257 1390 Γ
1287 1341 1342 1392 et
1383 1343 1505 1392 ΔΕ
1539 1340 1748 1410 magni·

49 1425 255 1479 tudinis
305 1429 350 1478 Z
391 1443 560 1495 aeque
607 1425 936 1495 multiplices
986 1429 1134 1496 sunt,
1189 1430 1324 1496 quot
1371 1431 1497 1481 sunt
1544 1428 1603 1481 in
1641 1433 1748 1482 AB

52 1514 416 1586 magnitudini
446 1516 501 1567 Γ
527 1514 797 1584 aequaleS,
829 1517 916 1568 tot
948 1516 1115 1569 etiam
1146 1516 1204 1569 in
1241 1520 1358 1569 AE
1379 1520 1507 1570 sunt
1537 1518 1750 1588 magni—

49 1603 225 1657 tudini
257 1606 303 1655 Z
342 1603 611 1673 aequales,
675 1603 862 1656 eadem
902 1604 965 1658 de
1007 1623 1171 1658 causa
1210 1606 1398 1675 etiam,
1446 1609 1582 1676 quot
1622 1609 1750 1660 sunt

54 1692 111 1745 in
163 1695 283 1746 tota
328 1696 452 1745 BH
488 1693 853 1763 magnitudini
899 1696 953 1746 Γ
996 1695 1271 1764 aequales,
1327 1697 1412 1748 tot
1470 1695 1633 1748 etiam
1689 1696 1746 1748 in

55 1783 161 1833 ΕΘ
215 1784 342 1834 sunt
386 1781 753 1851 magnitudini
794 1785 839 1834 Z
888 1784 1149 1853 aequales,
1215 1802 1381 1853 quare
1429 1787 1563 1853 quot
1619 1788 1747 1838 sunt

48 1870 108 1922 in
154 1872 274 1923 tota
321 1874 375 1923 A
385 1873 451 1922 H
489 1870 855 1940 magnitudini
894 1873 948 1924 Γ
988 1873 1260 1941 aequales,
1306 1872 1534 1925 totidem
1581 1874 1746 1928 etiam

54 1958 114 2010 in
164 1960 284 2011 tota
337 1963 392 2011 A
404 1962 450 2011 Θ
510 1962 638 2012 sunt
686 1960 1053 2028 magnitudini
1107 1965 1151 2013 Z
1216 1960 1483 2030 aequales,
1560 1961 1746 2031 itaque

50 2045 263 2115 quoties
295 2046 581 2115 multiplex
606 2050 688 2100 est
712 2050 842 2100 AH
857 2049 1249 2118 magnitudinis
1274 2051 1338 2117 Γ,
1364 2048 1532 2102 toties
1564 2050 1746 2103 multi·
1781 2104 1799 2107 ,,

49 2133 175 2203 plex
229 2135 332 2186 erit
386 2135 550 2187 etiam
598 2139 652 2187 A
661 2138 709 2188 Θ
762 2136 1153 2207 magnitudinis
1209 2140 1269 2190 Z.
1340 2137 1523 2207 itaque
1578 2138 1744 2192 etiam

48 2222 228 2291 prima
273 2226 327 2274 et
383 2222 572 2292 quinta
618 2224 951 2293 compositae
998 2228 1126 2278 AH
1164 2225 1429 2279 secundae
1483 2227 1539 2278 Γ
1577 2244 1747 2297 aeque

47 2309 376 2379 multiplices
425 2314 583 2363 erunt
632 2329 695 2364 ac
739 2313 903 2365 tertia
945 2316 1211 2383 sextaque
1251 2318 1367 2367 ΔΘ
1413 2318 1638 2384 quartae
1686 2319 1746 2369 Z.

157 2397 306 2469 Ergo
360 2399 406 2451 si
451 2399 631 2468 prima
679 2401 942 2455 secundae
997 2405 1051 2455 et
1097 2402 1262 2456 tertia
1303 2406 1528 2473 quartae
1576 2423 1745 2475 aeque

49 2487 377 2556 multiplices
410 2492 554 2558 sunt,
586 2491 640 2542 et
682 2490 873 2560 quinta
913 2491 1175 2544 secundae
1221 2494 1480 2562 sextaque
1520 2496 1744 2564 quartae

47 2594 214 2645 aeque
254 2567 607 2647 multipliceS,
658 2579 821 2631 etiam
861 2580 1038 2649 prima
1077 2580 1369 2649 quintaque
1410 2582 1744 2651 compositae

46 2663 309 2718 secundae
350 2667 404 2717 et
441 2666 605 2719 tertia
646 2670 903 2737 sextaque
943 2669 1277 2738 compositae
1311 2674 1538 2739 quartae
1577 2690 1744 2742 aeque

48 2754 377 2824 multiplices
419 2759 600 2825 erunt3
642 2757 786 2826 quod
826 2760 943 2811 erat
981 2758 1475 2813 demonstrandum.
