1988 3152
133 1180 188 1221 10

216 142 323 196 288
847 142 1184 187 ΣΤοΙΧΕΙῼΝ
1214 139 1282 198 η’.

217 259 292 328 ὡς
325 259 354 318 ὅ
388 268 454 317 Η
484 260 623 334 πρὸς
653 261 754 317 τὸν
786 266 859 331 Κ,
901 259 1124 331 [οὕτως]
1161 259 1190 317 ὁ
1226 268 1279 316 A
1318 260 1458 334 πρὸς
1494 260 1596 317 τὸν
1635 267 1697 316 Β.
1777 259 1806 316 ὃ
1849 260 1911 316 δὲ

215 356 283 405 Η
321 349 462 423 πρὸς
507 335 608 406 τὸν
655 354 708 404 K
755 348 928 421 λόγον
977 354 1085 420 ἔχει
1131 348 1236 405 τὸν
1283 355 1648 422 συγκείμενον
1702 352 1759 405 ἐκ
1798 353 1911 405 τῶν

216 442 493 511 πλευρῶν·
549 438 642 493 καὶ
691 435 720 493 ὁ
768 445 821 493 A
866 439 978 511 ἄρα
1023 436 1163 511 πρὸς
1210 437 1312 494 τὸν
1362 444 1409 493 Β
1449 437 1622 509 λόγον
1663 442 1771 510 ἔχει
1810 437 1910 494 τὸν

218 532 582 599 συγκείμενον
625 529 682 583 ἐκ
722 530 834 583 τῶν
873 530 1156 597 πλευρῶν·
1198 525 1331 599 ὅπερ
1374 531 1486 583 ἔδει
1527 529 1716 594 δεῖξαι.

1027 721 1059 763 ς
1087 749 1098 760 .

324 806 470 863 Ἐὰν
542 801 705 864 ὦσιν
768 805 1139 864 ὁποσοιοῦν
1202 806 1484 881 ἀριθμοὶ
1546 808 1692 878 ἑξῆς
1754 804 1911 860 ἀνά-

215 903 445 966 λογον,
501 893 530 950 ὁ
589 896 658 951 δὲ
711 900 966 970 πρῶτος
1010 895 1127 952 τὸν
1184 895 1500 969 δεύτερον
1556 894 1636 968 μὴ
1686 897 1911 967 μετρῇ,

218 984 376 1040 οὐδὲ
416 983 616 1051 ἄλλος
655 983 878 1051 οὐδεὶς
918 982 1166 1041 οὐδένα
1205 984 1530 1056 μετρήσει.

312 1074 606 1130 ’Ἑστωσαν
664 1071 972 1130 ὁποσοιοῦν
1029 1071 1266 1146 ἀριθμοὶ
1328 1075 1450 1145 ἑξῆς
1512 1071 1796 1143 ἀνάλογον
1860 1073 1917 1127 οἱ

220 1169 299 1234 Α,
331 1169 404 1233 Β,
439 1167 510 1233 Γ,
545 1169 623 1233 Δ,
655 1167 730 1234 Ε,
780 1160 809 1218 ὁ
860 1161 922 1217 δὲ
970 1169 1023 1217 A
1060 1161 1162 1218 τὸν
1202 1169 1248 1218 Β
1296 1161 1370 1234 μὴ
1418 1166 1703 1234 μετρείτω·
1751 1162 1911 1232 λέγω,

219 1249 305 1307 ὅτι
346 1250 481 1307 οὐδὲ
521 1250 692 1316 ἄλλος
731 1248 920 1317 οὐδεὶς
960 1247 1169 1307 οὐδένα
1209 1251 1482 1324 μετρήσει.

315 1340 432 1395 ’Ότι
473 1339 575 1412 μὲν
617 1333 723 1396 οὖν
765 1343 821 1396 οἰ
857 1347 927 1411 A,
960 1345 1026 1410 Β,
1060 1345 1123 1411 Γ,
1158 1348 1231 1410 Δ,
1263 1346 1317 1396 Ε
1360 1341 1483 1412 ἑξῆς
1529 1337 1805 1410 ἀλλήλους
1845 1337 1914 1395 οὐ

144 1490 145 1493 ¹
218 1432 545 1502 μετροῦσιν,
602 1428 879 1501 φανερόν·
964 1426 1099 1484 οὐδὲ
1138 1427 1245 1499 γὰρ
1297 1426 1326 1485 ὁ
1373 1435 1428 1483 Α
1473 1427 1574 1484 τὸν
1622 1435 1669 1483 Β
1716 1438 1913 1500 μετρεῖ.

131 1623 184 1663 15

129 2066 187 2107 20

217 1519 362 1588 λέγω
404 1515 493 1587 δή,
535 1515 621 1572 ὅτι
663 1514 796 1572 οὐδὲ
836 1515 1004 1583 ἄλλος
1045 1515 1234 1583 οὐδεὶς
1274 1515 1482 1572 οὐδένα
1522 1517 1795 1589 μετρήσει.
1865 1520 1915 1572 εἰ

216 1604 324 1679 γὰρ
367 1604 640 1675 δυνατόν,
693 1610 954 1678 μετρείτω
1004 1602 1033 1661 ὃ
1083 1612 1135 1660 A
1183 1604 1285 1661 τὸν
1332 1610 1392 1660 Γ.
1470 1605 1562 1660 καὶ
1605 1606 1729 1661 ὅσοι
1769 1606 1913 1662 εἰσὶν

218 1698 277 1750 οἰ
311 1702 388 1765 A,
423 1699 496 1765 Β,
530 1698 599 1764 Γ,
651 1697 912 1750 τοσοῦτοι
953 1692 1320 1766 εἰλήφθωσαν
1360 1695 1637 1766 ἐλάχιστοι
1677 1693 1915 1767 ἀριθμοὶ

215 1786 330 1840 τῶν
369 1781 469 1839 τὸν
511 1780 687 1838 αὐτὸν
728 1781 901 1853 λόγον
941 1782 1186 1855 ἐχόντων
1226 1794 1344 1847 τοῖς
1376 1790 1445 1852 Α,
1478 1787 1544 1852 Β,
1576 1787 1630 1838 Γ
1655 1784 1712 1838 οἱ
1745 1788 1807 1853 Ζ,
1838 1787 1914 1853 Η,

215 1878 277 1928 Θ.
353 1872 447 1927 καὶ
496 1871 610 1927 ἐπεὶ
652 1874 710 1926 οἱ
747 1877 817 1942 Ζ,
850 1877 933 1941 Η,
966 1877 1014 1926 Θ
1053 1872 1114 1927 ἐν
1153 1874 1230 1946 τῷ
1271 1869 1421 1947 αὐτῷ
1462 1870 1610 1947 λόγῳ
1653 1872 1759 1927 εἰσὶ
1799 1883 1916 1936 τοῖς

216 1966 288 2031 A,
321 1966 388 2032 Β,
421 1965 485 2032 Γ,
532 1964 633 2015 καί
666 1962 817 2016 ἐστιν
858 1966 985 2016 ἴσον
1023 1958 1085 2016 τὸ
1127 1963 1348 2031 πλῆθος
1385 1963 1499 2016 τῶν
1539 1966 1613 2027 A,
1646 1965 1719 2030 Β,
1753 1964 1805 2015 Γ
1837 1962 1912 2034 τῷ

217 2049 422 2122 πλήθει
476 2052 591 2105 τῶν
649 2055 717 2118 Ζ,
749 2054 831 2119 Η,
863 2055 935 2119 Θ,
992 2045 1066 2103 δι’
1126 2055 1254 2104 ἴσου
1300 2049 1411 2120 ἄρα
1459 2048 1608 2104 ἐστὶν
1662 2046 1736 2113 ὡς
1783 2045 1812 2104 ὁ
1861 2054 1915 2102 A

217 2137 358 2211 πρὸς
395 2136 496 2194 τὸν
536 2144 600 2209 Γ,
643 2137 819 2205 οὕτως
859 2136 896 2211 ὁ,
932 2144 977 2194 Ζ
1018 2135 1158 2210 πρὸς
1194 2137 1298 2194 τὸν
1336 2144 1397 2194 Θ.
1473 2137 1565 2193 καὶ
1607 2139 1728 2193 ἐπεί
1764 2139 1913 2194 ἐστιν
1982 2191 1988 2197 ,,

219 2225 294 2292 ὥς
340 2225 370 2283 ὁ
419 2235 472 2283 A
518 2227 659 2297 πρὸς
704 2226 805 2284 τὸν
852 2232 926 2298 Β,
983 2224 1161 2293 οὕτως
1209 2224 1238 2283 ὁ
1288 2233 1334 2282 Ζ
1379 2225 1518 2300 πρὸς
1563 2224 1664 2283 τὸν
1713 2231 1795 2296 Η,
1845 2224 1914 2282 οὐ
1984 2237 1988 2242 “

217 2326 406 2387 μετρεῖ
451 2315 513 2371 δὲ
560 2315 589 2371 ὁ
642 2323 695 2372 A
733 2314 834 2371 τὸν
873 2322 946 2386 Β,
996 2313 1064 2371 οὐ
1112 2326 1300 2388 μετρεῖ
1335 2314 1445 2389 ἄρα
1485 2313 1619 2371 οὐδὲ
1660 2312 1690 2370 ὑ
1733 2321 1777 2369 Ζ
1814 2313 1914 2370 τὸν
1984 2335 1988 2337 ·

342 2528 381 2566 1.
415 2516 591 2581 ουτως]
626 2536 716 2567 om.
747 2521 797 2566 P.
935 2522 1000 2580 A]
1033 2522 1083 2566 in
1114 2535 1202 2593 r'as.
1234 2522 1287 2566 P.
1424 2516 1528 2579 τόν]
1565 2535 1655 2565 om.
1688 2520 1736 2564 P.
1872 2526 1911 2566 2.
1979 2515 1988 2564 Ϊ

219 2579 304 2627 τὸν
336 2583 405 2638 Κ]
438 2585 485 2626 K
510 2580 560 2625 P.
713 2580 823 2639 τόν]
860 2595 974 2626 corr.
1009 2595 1065 2625 ex
1095 2576 1147 2626 τό
1193 2597 1243 2637 φ.
1395 2584 1437 2625 8.
1471 2585 1702 2638 μετρεῖσει
1743 2597 1794 2638 φ,
1834 2581 1915 2626 sed
1971 2612 1981 2639 ,-

221 2656 338 2686 corr.
493 2645 562 2684 12.
597 2641 664 2699 Ε]
707 2654 888 2710 0111.φ.
1042 2636 1127 2699 οὐ]
1168 2655 1228 2684 m.
1262 2654 1353 2686 rec.
1386 2640 1437 2685 P.
1591 2645 1660 2686 13.
1694 2640 1916 2712 μετροῦσι
1974 2652 1979 2690 g

221 2699 258 2742 P
281 2715 342 2747 m,
378 2706 425 2755 1,
462 2699 575 2755 V‹p;
584 2696 887 2770 μετρήσουσι
919 2701 955 2744 Ρ
980 2713 1040 2746 m
1064 2713 1156 2744 rec.
1279 2703 1349 2743 14.
1383 2697 1431 2743 εἰ
1449 2695 1548 2770 γὰρ
1582 2695 1803 2753 δυνατόν,
1836 2714 1914 2756 με·

221 2761 385 2812 τρείτω
414 2735 444 2803 ὃ
478 2763 514 2803 Α
547 2755 631 2803 τὸν
666 2759 731 2817 Γ]
765 2758 884 2829 λέγω
918 2755 1022 2829 γάρ,
1054 2775 1127 2803 οτι
1161 2754 1218 2803 οὐ
1251 2763 1419 2816 μετρεῖ
1442 2754 1467 2801 ὁ
1502 2763 1538 2801 Α
1570 2755 1658 2803 τόν
1686 2760 1729 2802 Γ
1754 2733 1915 2803 T'heon

221 2817 415 2874 (BVzp).
573 2823 640 2864 15.
673 2818 755 2862 καὶ
785 2814 907 2875 ὅσοι]
941 2813 1043 2863 ὅσοι
1074 2834 1164 2875 γαρ
1197 2818 1360 2863 Theon
1393 2816 1582 2875 (Bch).
1740 2821 1807 2861 18.
1851 2815 1912 2862 εἰ·
1967 2834 1971 2838 ·

223 2879 298 2920 σίν
329 2876 424 2921 ΡΒ.
549 2881 621 2923 21.
659 2877 719 2935 Z]
755 2881 811 2934 Z,
845 2880 894 2920 H
923 2877 973 2920 B.
