<?xml version="1.0" encoding="UTF-8"?>
<!DOCTYPE html PUBLIC "-//W3C//DTD XHTML 1.0 Transitional//EN"
    "http://www.w3.org/TR/xhtml1/DTD/xhtml1-transitional.dtd">
<html xmlns="http://www.w3.org/1999/xhtml" xml:lang="en" lang="en">
 <head>
  <title>
</title>
<meta http-equiv="Content-Type" content="text/html;charset=utf-8" />
  <meta name='ocr-system' content='tesseract 3.04.00' />
  <meta name='ocr-capabilities' content='ocr_page ocr_carea ocr_par ocr_line ocrx_word'/>
</head>
<body>
  <div class='ocr_page' id='page_1' title='image "./euclidisoperaomn02eucluoft_0393.png"; bbox 0 0 1988 3152; ppageno 0'>
   <div class='ocr_carea' id='block_1_1' title="bbox 489 11 1725 66">
    <p class='ocr_par' dir='ltr' id='par_1_1' title="bbox 489 11 1725 66">
     <span class='ocr_line' id='line_1_1' title="bbox 489 11 1725 66; baseline 0.005 -9"><span class='ocrx_word' id='word_1_1' title='bbox 489 16 949 58; x_wconf 81' lang='lat' dir='ltr'><strong>ELEMENTORUM</strong></span> <span class='ocrx_word' id='word_1_2' title='bbox 978 15 1161 57; x_wconf 85' lang='lat' dir='ltr'>LIBER</span> <span class='ocrx_word' id='word_1_3' title='bbox 1190 16 1269 58; x_wconf 86' lang='lat' dir='ltr'>IX.</span> <span class='ocrx_word' id='word_1_4' title='bbox 1619 11 1725 66; x_wconf 82' lang='grc'>367</span> 
     </span>
    </p>
   </div>
   <div class='ocr_carea' id='block_1_2' title="bbox 26 133 1756 1268">
    <p class='ocr_par' dir='ltr' id='par_1_2' title="bbox 26 133 1756 1268">
     <span class='ocr_line' id='line_1_2' title="bbox 33 133 1734 204; baseline -0.002 -14"><span class='ocrx_word' id='word_1_5' title='bbox 33 135 331 190; x_wconf 84' lang='lat' dir='ltr'>metiuntur</span> <span class='ocrx_word' id='word_1_6' title='bbox 373 133 515 204; x_wconf 92' lang='lat' dir='ltr'>[VII,</span> <span class='ocrx_word' id='word_1_7' title='bbox 546 135 667 203; x_wconf 84' lang='grc'>20],</span> <span class='ocrx_word' id='word_1_8' title='bbox 714 134 1040 203; x_wconf 82' lang='lat' dir='ltr'>praecedens</span> <span class='ocrx_word' id='word_1_9' title='bbox 1090 133 1498 203; x_wconf 79' lang='lat' dir='ltr'>praecedentem</span> <span class='ocrx_word' id='word_1_10' title='bbox 1550 137 1604 186; x_wconf 89' lang='lat' dir='ltr'>et</span> <span class='ocrx_word' id='word_1_11' title='bbox 1654 152 1734 186; x_wconf 85' lang='lat' dir='ltr'>se-</span> 
     </span>
     <span class='ocr_line' id='line_1_3' title="bbox 32 222 1756 294; baseline -0.002 -17"><span class='ocrx_word' id='word_1_12' title='bbox 32 242 198 294; x_wconf 86' lang='lat' dir='ltr'>quens</span> <span class='ocrx_word' id='word_1_13' title='bbox 240 227 567 293; x_wconf 83' lang='lat' dir='ltr'>sequentem.</span> <span class='ocrx_word' id='word_1_14' title='bbox 646 224 832 293; x_wconf 86' lang='lat' dir='ltr'>itaque</span> <span class='ocrx_word' id='word_1_15' title='bbox 870 226 924 276; x_wconf 88' lang='lat' dir='ltr'><em>E</em></span> <span class='ocrx_word' id='word_1_16' title='bbox 959 241 1245 276; x_wconf 90' lang='lat' dir='ltr'>numerum</span> <span class='ocrx_word' id='word_1_17' title='bbox 1284 227 1338 276; x_wconf 91' lang='lat' dir='ltr'><em>A</em></span> <span class='ocrx_word' id='word_1_18' title='bbox 1376 222 1620 292; x_wconf 88' lang='lat' dir='ltr'>metitur,</span> <span class='ocrx_word' id='word_1_19' title='bbox 1669 225 1756 275; x_wconf 89' lang='lat' dir='ltr'>ut.</span> 
     </span>
     <span class='ocr_line' id='line_1_4' title="bbox 29 311 1732 383; baseline -0.001 -18"><span class='ocrx_word' id='word_1_20' title='bbox 29 312 354 383; x_wconf 86' lang='lat' dir='ltr'>praecedens</span> <span class='ocrx_word' id='word_1_21' title='bbox 392 312 819 381; x_wconf 75' lang='lat' dir='ltr'>praecedentem.</span> <span class='ocrx_word' id='word_1_22' title='bbox 896 329 1087 365; x_wconf 87' lang='lat' dir='ltr'>uerum</span> <span class='ocrx_word' id='word_1_23' title='bbox 1129 312 1295 365; x_wconf 88' lang='lat' dir='ltr'>etiam</span> <span class='ocrx_word' id='word_1_24' title='bbox 1333 330 1445 365; x_wconf 93' lang='lat' dir='ltr'>non</span> <span class='ocrx_word' id='word_1_25' title='bbox 1485 311 1732 381; x_wconf 50' lang='lat' dir='ltr'>metitum</span> 
     </span>
     <span class='ocr_line' id='line_1_5' title="bbox 32 401 1732 471; baseline 0 -18"><span class='ocrx_word' id='word_1_26' title='bbox 32 401 174 471; x_wconf 89' lang='lat' dir='ltr'>quod</span> <span class='ocrx_word' id='word_1_27' title='bbox 212 401 328 453; x_wconf 88' lang='lat' dir='ltr'>fieri</span> <span class='ocrx_word' id='word_1_28' title='bbox 364 419 477 454; x_wconf 92' lang='lat' dir='ltr'>non</span> <span class='ocrx_word' id='word_1_29' title='bbox 515 404 712 470; x_wconf 88' lang='lat' dir='ltr'>potest.</span> <span class='ocrx_word' id='word_1_30' title='bbox 765 401 948 470; x_wconf 88' lang='lat' dir='ltr'>itaque</span> <span class='ocrx_word' id='word_1_31' title='bbox 976 404 1039 470; x_wconf 89' lang='lat' dir='ltr'>E,</span> <span class='ocrx_word' id='word_1_32' title='bbox 1065 404 1118 452; x_wconf 92' lang='lat' dir='ltr'><em>A</em></span> <span class='ocrx_word' id='word_1_33' title='bbox 1157 401 1303 453; x_wconf 88' lang='lat' dir='ltr'>inter</span> <span class='ocrx_word' id='word_1_34' title='bbox 1336 419 1392 453; x_wconf 84' lang='lat' dir='ltr'>se</span> <span class='ocrx_word' id='word_1_35' title='bbox 1425 401 1588 470; x_wconf 90' lang='lat' dir='ltr'>primi</span> <span class='ocrx_word' id='word_1_36' title='bbox 1618 418 1732 454; x_wconf 94' lang='lat' dir='ltr'>non</span> 
     </span>
     <span class='ocr_line' id='line_1_6' title="bbox 30 489 1729 559; baseline -0.001 -16"><span class='ocrx_word' id='word_1_37' title='bbox 30 492 170 543; x_wconf 85' lang='lat' dir='ltr'>sunt.</span> <span class='ocrx_word' id='word_1_38' title='bbox 225 507 353 559; x_wconf 82' lang='lat' dir='ltr'>ergo</span> <span class='ocrx_word' id='word_1_39' title='bbox 394 490 700 558; x_wconf 84' lang='lat' dir='ltr'>compositi.</span> <span class='ocrx_word' id='word_1_40' title='bbox 755 489 1089 557; x_wconf 85' lang='lat' dir='ltr'>compositos</span> <span class='ocrx_word' id='word_1_41' title='bbox 1126 493 1307 542; x_wconf 86' lang='lat' dir='ltr'>autem</span> <span class='ocrx_word' id='word_1_42' title='bbox 1339 507 1597 542; x_wconf 81' lang='lat' dir='ltr'>numerus</span> <span class='ocrx_word' id='word_1_43' title='bbox 1631 489 1729 541; x_wconf 87' lang='lat' dir='ltr'>ali-</span> 
     </span>
     <span class='ocr_line' id='line_1_7' title="bbox 30 577 1728 648; baseline 0 -18"><span class='ocrx_word' id='word_1_44' title='bbox 30 579 147 648; x_wconf 88' lang='lat' dir='ltr'>quis</span> <span class='ocrx_word' id='word_1_45' title='bbox 195 579 418 631; x_wconf 87' lang='lat' dir='ltr'>metitur</span> <span class='ocrx_word' id='word_1_46' title='bbox 466 577 596 645; x_wconf 88' lang='lat' dir='ltr'>[VII</span> <span class='ocrx_word' id='word_1_47' title='bbox 636 578 737 630; x_wconf 87' lang='lat' dir='ltr'>def.</span> <span class='ocrx_word' id='word_1_48' title='bbox 782 578 891 644; x_wconf 89' lang='grc'><strong>14].</strong></span> <span class='ocrx_word' id='word_1_49' title='bbox 969 581 1023 631; x_wconf 91' lang='lat' dir='ltr'>et</span> <span class='ocrx_word' id='word_1_50' title='bbox 1075 578 1332 647; x_wconf 87' lang='lat' dir='ltr'>quoniam</span> <span class='ocrx_word' id='word_1_51' title='bbox 1384 578 1728 648; x_wconf 80' lang='lat' dir='ltr'>suppositum</span> 
     </span>
     <span class='ocr_line' id='line_1_8' title="bbox 29 667 1729 737; baseline 0.001 -18"><span class='ocrx_word' id='word_1_52' title='bbox 29 670 135 735; x_wconf 81' lang='lat' dir='ltr'>est,</span> <span class='ocrx_word' id='word_1_53' title='bbox 180 671 234 719; x_wconf 89' lang='lat' dir='ltr'><em>E</em></span> <span class='ocrx_word' id='word_1_54' title='bbox 268 669 505 737; x_wconf 88' lang='lat' dir='ltr'>primum</span> <span class='ocrx_word' id='word_1_55' title='bbox 546 685 685 736; x_wconf 86' lang='lat' dir='ltr'>esse,</span> <span class='ocrx_word' id='word_1_56' title='bbox 732 667 970 736; x_wconf 89' lang='lat' dir='ltr'>primum</span> <span class='ocrx_word' id='word_1_57' title='bbox 1012 670 1193 720; x_wconf 81' lang='lat' dir='ltr'>autem</span> <span class='ocrx_word' id='word_1_58' title='bbox 1232 667 1412 720; x_wconf 87' lang='lat' dir='ltr'>nullus</span> <span class='ocrx_word' id='word_1_59' title='bbox 1454 667 1591 719; x_wconf 87' lang='lat' dir='ltr'>alius</span> <span class='ocrx_word' id='word_1_60' title='bbox 1630 686 1729 720; x_wconf 94' lang='lat' dir='ltr'>nu-</span> 
     </span>
     <span class='ocr_line' id='line_1_9' title="bbox 27 755 1730 826; baseline 0 -18"><span class='ocrx_word' id='word_1_61' title='bbox 27 773 208 808; x_wconf 86' lang='lat' dir='ltr'>merus</span> <span class='ocrx_word' id='word_1_62' title='bbox 249 757 471 808; x_wconf 89' lang='lat' dir='ltr'>metitur</span> <span class='ocrx_word' id='word_1_63' title='bbox 509 762 723 825; x_wconf 86' lang='lat' dir='ltr'>praeter</span> <span class='ocrx_word' id='word_1_64' title='bbox 760 757 942 826; x_wconf 85' lang='lat' dir='ltr'>ipsum</span> <span class='ocrx_word' id='word_1_65' title='bbox 985 755 1114 822; x_wconf 90' lang='lat' dir='ltr'>[VII</span> <span class='ocrx_word' id='word_1_66' title='bbox 1153 756 1255 809; x_wconf 89' lang='lat' dir='ltr'>def.</span> <span class='ocrx_word' id='word_1_67' title='bbox 1299 757 1415 825; x_wconf 87' lang='grc'>11],</span> <span class='ocrx_word' id='word_1_68' title='bbox 1454 759 1508 808; x_wconf 90' lang='grc' dir='ltr'><em>Ε</em></span> <span class='ocrx_word' id='word_1_69' title='bbox 1542 774 1730 809; x_wconf 88' lang='lat' dir='ltr'>nume-</span> 
     </span>
     <span class='ocr_line' id='line_1_10' title="bbox 26 845 1728 915; baseline 0.001 -18"><span class='ocrx_word' id='word_1_70' title='bbox 26 862 117 897; x_wconf 87' lang='lat' dir='ltr'>ros</span> <span class='ocrx_word' id='word_1_71' title='bbox 162 849 228 912; x_wconf 93' lang='lat' dir='ltr'><em>A,</em></span> <span class='ocrx_word' id='word_1_72' title='bbox 270 849 323 897; x_wconf 92' lang='lat' dir='ltr'><em>E</em></span> <span class='ocrx_word' id='word_1_73' title='bbox 358 845 592 898; x_wconf 86' lang='lat' dir='ltr'>metitur.</span> <span class='ocrx_word' id='word_1_74' title='bbox 652 864 814 915; x_wconf 86' lang='lat' dir='ltr'>quare</span> <span class='ocrx_word' id='word_1_75' title='bbox 846 849 899 897; x_wconf 90' lang='lat' dir='ltr'><em>E</em></span> <span class='ocrx_word' id='word_1_76' title='bbox 934 863 1219 897; x_wconf 86' lang='lat' dir='ltr'>numerum</span> <span class='ocrx_word' id='word_1_77' title='bbox 1250 849 1304 897; x_wconf 92' lang='lat' dir='ltr'><em>A</em></span> <span class='ocrx_word' id='word_1_78' title='bbox 1343 845 1585 899; x_wconf 81' lang='lat' dir='ltr'>metitur.</span> <span class='ocrx_word' id='word_1_79' title='bbox 1640 864 1728 898; x_wconf 89' lang='lat' dir='ltr'>ue-</span> 
     </span>
     <span class='ocr_line' id='line_1_11' title="bbox 26 931 1728 1004; baseline 0.002 -19"><span class='ocrx_word' id='word_1_80' title='bbox 26 951 145 985; x_wconf 87' lang='lat' dir='ltr'>rum</span> <span class='ocrx_word' id='word_1_81' title='bbox 194 933 360 984; x_wconf 81' lang='lat' dir='ltr'>etiam</span> <span class='ocrx_word' id='word_1_82' title='bbox 410 938 465 985; x_wconf 97' lang='lat' dir='ltr'><em>A</em></span> <span class='ocrx_word' id='word_1_83' title='bbox 510 952 792 987; x_wconf 87' lang='lat' dir='ltr'>numerum</span> <span class='ocrx_word' id='word_1_84' title='bbox 839 931 1127 1002; x_wconf 83' lang='lat' dir='ltr'>metitur.¹)</span> <span class='ocrx_word' id='word_1_85' title='bbox 1206 951 1337 1004; x_wconf 86' lang='lat' dir='ltr'>ergo</span> <span class='ocrx_word' id='word_1_86' title='bbox 1378 937 1431 986; x_wconf 91' lang='grc' dir='ltr'><em>Ε</em></span> <span class='ocrx_word' id='word_1_87' title='bbox 1472 953 1728 988; x_wconf 78' lang='lat' dir='ltr'>numeros</span> 
     </span>
     <span class='ocr_line' id='line_1_12' title="bbox 29 1021 1728 1092; baseline 0.001 -18"><span class='ocrx_word' id='word_1_88' title='bbox 29 1027 104 1091; x_wconf 88' lang='lat' dir='ltr'>A,</span> <span class='ocrx_word' id='word_1_89' title='bbox 143 1027 199 1074; x_wconf 88' lang='lat' dir='ltr'><em>A</em></span> <span class='ocrx_word' id='word_1_90' title='bbox 245 1022 481 1076; x_wconf 89' lang='lat' dir='ltr'>metitur.</span> <span class='ocrx_word' id='word_1_91' title='bbox 559 1021 809 1075; x_wconf 83' lang='lat' dir='ltr'>similiter</span> <span class='ocrx_word' id='word_1_92' title='bbox 855 1021 1373 1090; x_wconf 85' lang='lat' dir='ltr'>demonstrabimus,</span> <span class='ocrx_word' id='word_1_93' title='bbox 1424 1024 1728 1092; x_wconf 83' lang='lat' dir='ltr'>quicunque</span> 
     </span>
     <span class='ocr_line' id='line_1_13' title="bbox 26 1111 1729 1180; baseline 0.001 -17"><span class='ocrx_word' id='word_1_94' title='bbox 26 1111 190 1180; x_wconf 91' lang='lat' dir='ltr'>primi</span> <span class='ocrx_word' id='word_1_95' title='bbox 237 1112 450 1164; x_wconf 88' lang='lat' dir='ltr'>numeri</span> <span class='ocrx_word' id='word_1_96' title='bbox 497 1130 780 1163; x_wconf 89' lang='lat' dir='ltr'>numerum</span> <span class='ocrx_word' id='word_1_97' title='bbox 829 1115 884 1162; x_wconf 87' lang='lat' dir='ltr'><em>A</em></span> <span class='ocrx_word' id='word_1_98' title='bbox 930 1111 1244 1179; x_wconf 85' lang='lat' dir='ltr'>metiantur,</span> <span class='ocrx_word' id='word_1_99' title='bbox 1296 1111 1513 1164; x_wconf 80' lang='lat' dir='ltr'>eosdem</span> <span class='ocrx_word' id='word_1_100' title='bbox 1562 1112 1729 1165; x_wconf 86' lang='lat' dir='ltr'>etiam</span> 
     </span>
     <span class='ocr_line' id='line_1_14' title="bbox 28 1199 1725 1268; baseline 0.002 -17"><span class='ocrx_word' id='word_1_101' title='bbox 28 1217 311 1251; x_wconf 90' lang='lat' dir='ltr'>numerum</span> <span class='ocrx_word' id='word_1_102' title='bbox 336 1204 390 1252; x_wconf 90' lang='lat' dir='ltr'><em>A</em></span> <span class='ocrx_word' id='word_1_103' title='bbox 420 1217 702 1253; x_wconf 83' lang='lat' dir='ltr'>mensuros</span> <span class='ocrx_word' id='word_1_104' title='bbox 736 1217 876 1268; x_wconf 81' lang='lat' dir='ltr'>esse3</span> <span class='ocrx_word' id='word_1_105' title='bbox 919 1200 1061 1268; x_wconf 92' lang='lat' dir='ltr'>quod</span> <span class='ocrx_word' id='word_1_106' title='bbox 1095 1202 1212 1252; x_wconf 88' lang='lat' dir='ltr'>erat</span> <span class='ocrx_word' id='word_1_107' title='bbox 1235 1199 1725 1255; x_wconf 81' lang='lat' dir='ltr'>demonstrandum.</span> 
     </span>
    </p>
   </div>
   <div class='ocr_carea' id='block_1_3' title="bbox 797 1361 949 1416">
    <p class='ocr_par' dir='ltr' id='par_1_3' title="bbox 797 1361 949 1416">
     <span class='ocr_line' id='line_1_15' title="bbox 797 1361 949 1416; baseline 0.013 -2"><span class='ocrx_word' id='word_1_108' title='bbox 797 1361 949 1416; x_wconf 91' lang='lat' dir='ltr'>XIII.</span> 
     </span>
    </p>
   </div>
   <div class='ocr_carea' id='block_1_4' title="bbox 21 1463 1725 2247">
    <p class='ocr_par' dir='ltr' id='par_1_4' title="bbox 21 1463 1724 1800">
     <span class='ocr_line' id='line_1_16' title="bbox 138 1463 1724 1536; baseline 0.003 -20"><span class='ocrx_word' id='word_1_109' title='bbox 138 1463 197 1516; x_wconf 83' lang='lat' dir='ltr'>Si</span> <span class='ocrx_word' id='word_1_110' title='bbox 233 1466 501 1533; x_wconf 91' lang='lat' dir='ltr'>quotlibet</span> <span class='ocrx_word' id='word_1_111' title='bbox 538 1466 749 1519; x_wconf 85' lang='lat' dir='ltr'>numeri</span> <span class='ocrx_word' id='word_1_112' title='bbox 789 1467 857 1518; x_wconf 86' lang='lat' dir='ltr'>ab</span> <span class='ocrx_word' id='word_1_113' title='bbox 889 1466 1101 1518; x_wconf 82' lang='lat' dir='ltr'>unitate</span> <span class='ocrx_word' id='word_1_114' title='bbox 1134 1465 1386 1535; x_wconf 81' lang='lat' dir='ltr'>deinceps</span> <span class='ocrx_word' id='word_1_115' title='bbox 1420 1467 1724 1536; x_wconf 88' lang='lat' dir='ltr'>proportio-</span> 
     </span>
     <span class='ocr_line' id='line_1_17' title="bbox 22 1552 1723 1625; baseline 0.001 -19"><span class='ocrx_word' id='word_1_116' title='bbox 22 1552 173 1606; x_wconf 82' lang='lat' dir='ltr'>nales</span> <span class='ocrx_word' id='word_1_117' title='bbox 214 1558 355 1623; x_wconf 89' lang='lat' dir='ltr'>sunt,</span> <span class='ocrx_word' id='word_1_118' title='bbox 394 1558 447 1607; x_wconf 90' lang='lat' dir='ltr'>et</span> <span class='ocrx_word' id='word_1_119' title='bbox 483 1555 684 1607; x_wconf 87' lang='lat' dir='ltr'>unitati</span> <span class='ocrx_word' id='word_1_120' title='bbox 721 1555 998 1624; x_wconf 87' lang='lat' dir='ltr'>proximus</span> <span class='ocrx_word' id='word_1_121' title='bbox 1038 1556 1245 1625; x_wconf 86' lang='lat' dir='ltr'>primus</span> <span class='ocrx_word' id='word_1_122' title='bbox 1284 1559 1381 1621; x_wconf 85' lang='lat' dir='ltr'>est,</span> <span class='ocrx_word' id='word_1_123' title='bbox 1425 1556 1723 1609; x_wconf 85' lang='lat' dir='ltr'>maximum</span> 
     </span>
     <span class='ocr_line' id='line_1_18' title="bbox 21 1642 1723 1714; baseline 0.002 -21"><span class='ocrx_word' id='word_1_124' title='bbox 21 1642 200 1694; x_wconf 86' lang='lat' dir='ltr'>nullus</span> <span class='ocrx_word' id='word_1_125' title='bbox 247 1643 500 1696; x_wconf 86' lang='lat' dir='ltr'>metietur</span> <span class='ocrx_word' id='word_1_126' title='bbox 545 1661 801 1696; x_wconf 82' lang='lat' dir='ltr'>numerus</span> <span class='ocrx_word' id='word_1_127' title='bbox 839 1646 1054 1712; x_wconf 85' lang='lat' dir='ltr'>praeter</span> <span class='ocrx_word' id='word_1_128' title='bbox 1093 1662 1208 1713; x_wconf 72' lang='lat' dir='ltr'>coe,</span> <span class='ocrx_word' id='word_1_129' title='bbox 1260 1643 1350 1714; x_wconf 92' lang='lat' dir='ltr'>qui</span> <span class='ocrx_word' id='word_1_130' title='bbox 1411 1644 1555 1697; x_wconf 89' lang='lat' dir='ltr'>inter</span> <span class='ocrx_word' id='word_1_131' title='bbox 1600 1663 1723 1713; x_wconf 89' lang='lat' dir='ltr'>pro-</span> 
     </span>
     <span class='ocr_line' id='line_1_19' title="bbox 22 1731 626 1800; baseline 0 -16"><span class='ocrx_word' id='word_1_132' title='bbox 22 1731 356 1800; x_wconf 86' lang='lat' dir='ltr'>portionales</span> <span class='ocrx_word' id='word_1_133' title='bbox 394 1735 626 1784; x_wconf 83' lang='lat' dir='ltr'>exstant.</span> 
     </span>
    </p>

    <p class='ocr_par' dir='ltr' id='par_1_5' title="bbox 22 1817 1722 2157">
     <span class='ocr_line' id='line_1_20' title="bbox 137 1817 1722 1891; baseline 0.003 -20"><span class='ocrx_word' id='word_1_134' title='bbox 137 1817 260 1872; x_wconf 81' lang='lat' dir='ltr'>Sint</span> <span class='ocrx_word' id='word_1_135' title='bbox 298 1821 569 1888; x_wconf 74' lang='lat' dir='ltr'>quotlibet</span> <span class='ocrx_word' id='word_1_136' title='bbox 606 1820 816 1874; x_wconf 87' lang='lat' dir='ltr'>numeri</span> <span class='ocrx_word' id='word_1_137' title='bbox 856 1821 923 1873; x_wconf 88' lang='lat' dir='ltr'>ab</span> <span class='ocrx_word' id='word_1_138' title='bbox 965 1821 1174 1873; x_wconf 86' lang='lat' dir='ltr'>unitate</span> <span class='ocrx_word' id='word_1_139' title='bbox 1216 1820 1466 1890; x_wconf 81' lang='lat' dir='ltr'>deinceps</span> <span class='ocrx_word' id='word_1_140' title='bbox 1498 1840 1722 1891; x_wconf 88' lang='lat' dir='ltr'>propor-</span> 
     </span>
     <span class='ocr_line' id='line_1_21' title="bbox 22 1908 1719 1979; baseline 0.001 -17"><span class='ocrx_word' id='word_1_141' title='bbox 22 1908 254 1962; x_wconf 82' lang='lat' dir='ltr'>tionales</span> <span class='ocrx_word' id='word_1_142' title='bbox 294 1914 369 1978; x_wconf 93' lang='lat' dir='ltr'><em>A,</em></span> <span class='ocrx_word' id='word_1_143' title='bbox 407 1913 477 1977; x_wconf 92' lang='grc' dir='ltr'>Β,</span> <span class='ocrx_word' id='word_1_144' title='bbox 517 1911 577 1979; x_wconf 90' lang='grc' dir='ltr'>Γ,</span> <span class='ocrx_word' id='word_1_145' title='bbox 618 1914 698 1979; x_wconf 95' lang='lat' dir='ltr'><em>A,</em></span> <span class='ocrx_word' id='word_1_146' title='bbox 747 1913 801 1962; x_wconf 91' lang='lat' dir='ltr'>et</span> <span class='ocrx_word' id='word_1_147' title='bbox 847 1909 1045 1962; x_wconf 84' lang='lat' dir='ltr'>unitati</span> <span class='ocrx_word' id='word_1_148' title='bbox 1091 1910 1371 1978; x_wconf 87' lang='lat' dir='ltr'>proximus</span> <span class='ocrx_word' id='word_1_149' title='bbox 1412 1915 1466 1962; x_wconf 94' lang='lat' dir='ltr'><em>A</em></span> <span class='ocrx_word' id='word_1_150' title='bbox 1510 1911 1719 1979; x_wconf 84' lang='lat' dir='ltr'>primus</span> 
     </span>
     <span class='ocr_line' id='line_1_22' title="bbox 25 1996 1719 2067; baseline 0.001 -17"><span class='ocrx_word' id='word_1_151' title='bbox 25 1997 109 2050; x_wconf 78' lang='lat' dir='ltr'>sit.</span> <span class='ocrx_word' id='word_1_152' title='bbox 186 1996 328 2067; x_wconf 91' lang='lat' dir='ltr'>dico,</span> <span class='ocrx_word' id='word_1_153' title='bbox 375 1998 669 2050; x_wconf 83' lang='lat' dir='ltr'>maximum</span> <span class='ocrx_word' id='word_1_154' title='bbox 710 2016 896 2051; x_wconf 87' lang='lat' dir='ltr'>corum</span> <span class='ocrx_word' id='word_1_155' title='bbox 936 2001 991 2050; x_wconf 90' lang='lat' dir='ltr'><em>A</em></span> <span class='ocrx_word' id='word_1_156' title='bbox 1030 1998 1216 2051; x_wconf 84' lang='lat' dir='ltr'>nullos</span> <span class='ocrx_word' id='word_1_157' title='bbox 1259 1999 1394 2052; x_wconf 81' lang='lat' dir='ltr'>alios</span> <span class='ocrx_word' id='word_1_158' title='bbox 1435 2017 1719 2053; x_wconf 80' lang='lat' dir='ltr'>mensuros</span> 
     </span>
     <span class='ocr_line' id='line_1_23' title="bbox 23 2089 697 2157; baseline 0 -18"><span class='ocrx_word' id='word_1_159' title='bbox 23 2103 138 2139; x_wconf 85' lang='lat' dir='ltr'>esse</span> <span class='ocrx_word' id='word_1_160' title='bbox 177 2089 392 2155; x_wconf 87' lang='lat' dir='ltr'>praeter</span> <span class='ocrx_word' id='word_1_161' title='bbox 430 2092 497 2157; x_wconf 93' lang='lat' dir='ltr'><em>A,</em></span> <span class='ocrx_word' id='word_1_162' title='bbox 536 2089 598 2155; x_wconf 89' lang='grc' dir='ltr'>Β,</span> <span class='ocrx_word' id='word_1_163' title='bbox 638 2089 697 2138; x_wconf 93' lang='grc' dir='ltr'>Γ.</span> 
     </span>
    </p>

    <p class='ocr_par' dir='ltr' id='par_1_6' title="bbox 133 2174 1725 2247">
     <span class='ocr_line' id='line_1_24' title="bbox 133 2174 1725 2247; baseline 0.002 -20"><span class='ocrx_word' id='word_1_164' title='bbox 133 2194 256 2227; x_wconf 85' lang='lat' dir='ltr'>nam</span> <span class='ocrx_word' id='word_1_165' title='bbox 307 2175 354 2227; x_wconf 85' lang='lat' dir='ltr'>si</span> <span class='ocrx_word' id='word_1_166' title='bbox 391 2174 510 2228; x_wconf 90' lang='lat' dir='ltr'>fieri</span> <span class='ocrx_word' id='word_1_167' title='bbox 551 2178 758 2245; x_wconf 86' lang='lat' dir='ltr'>potest,</span> <span class='ocrx_word' id='word_1_168' title='bbox 805 2175 1063 2228; x_wconf 84' lang='lat' dir='ltr'>metiatur</span> <span class='ocrx_word' id='word_1_169' title='bbox 1104 2194 1362 2229; x_wconf 83' lang='lat' dir='ltr'>numerus</span> <span class='ocrx_word' id='word_1_170' title='bbox 1404 2179 1477 2247; x_wconf 89' lang='lat' dir='ltr'>E,</span> <span class='ocrx_word' id='word_1_171' title='bbox 1527 2195 1632 2230; x_wconf 90' lang='lat' dir='ltr'>neu</span> <span class='ocrx_word' id='word_1_172' title='bbox 1671 2181 1725 2230; x_wconf 89' lang='lat' dir='ltr'><em>E</em></span> 
     </span>
    </p>
   </div>
   <div class='ocr_carea' id='block_1_5' title="bbox 22 2295 377 2302">
    <p class='ocr_par' dir='ltr' id='par_1_7' title="bbox 22 2295 377 2302">
     <span class='ocr_line' id='line_1_25' title="bbox 22 2295 377 2302; baseline 0 850"><span class='ocrx_word' id='word_1_173' title='bbox 22 2295 377 2302; x_wconf 95' lang='lat' dir='ltr'> </span> 
     </span>
    </p>
   </div>
   <div class='ocr_carea' id='block_1_6' title="bbox 21 2348 1718 2513">
    <p class='ocr_par' dir='ltr' id='par_1_8' title="bbox 21 2348 1718 2513">
     <span class='ocr_line' id='line_1_26' title="bbox 143 2348 1718 2409; baseline 0.002 -15"><span class='ocrx_word' id='word_1_174' title='bbox 143 2352 184 2407; x_wconf 92' lang='lat'>1)</span> <span class='ocrx_word' id='word_1_175' title='bbox 223 2350 422 2407; x_wconf 85' lang='lat' dir='ltr'>Propter</span> <span class='ocrx_word' id='word_1_176' title='bbox 461 2348 767 2407; x_wconf 84' lang='lat' dir='ltr'>expositionis</span> <span class='ocrx_word' id='word_1_177' title='bbox 805 2364 953 2408; x_wconf 84' lang='lat' dir='ltr'>genus</span> <span class='ocrx_word' id='word_1_178' title='bbox 999 2354 1068 2408; x_wconf 90' lang='lat' dir='ltr'>(p.</span> <span class='ocrx_word' id='word_1_179' title='bbox 1103 2356 1213 2408; x_wconf 84' lang='lat'>362,</span> <span class='ocrx_word' id='word_1_180' title='bbox 1242 2354 1329 2409; x_wconf 90' lang='grc'>22)</span> <span class='ocrx_word' id='word_1_181' title='bbox 1364 2353 1509 2397; x_wconf 82' lang='lat' dir='ltr'>uerba</span> <span class='ocrx_word' id='word_1_182' title='bbox 1548 2351 1629 2398; x_wconf 89' lang='lat' dir='ltr'>lin.</span> <span class='ocrx_word' id='word_1_183' title='bbox 1668 2357 1718 2397; x_wconf 85' lang='lat'>8:</span> 
     </span>
     <span class='ocr_line' id='line_1_27' title="bbox 21 2408 1717 2513; baseline 0.002 -60"><span class='ocrx_word' id='word_1_184' title='bbox 21 2415 183 2513; x_wconf 52' lang='grc' dir='ltr'>εἰεᾷῗιεξ</span> <span class='ocrx_word' id='word_1_185' title='bbox 217 2408 287 2485; x_wconf 26' lang='grc' dir='ltr'>δὲ,</span> <span class='ocrx_word' id='word_1_186' title='bbox 311 2409 391 2453; x_wconf 82' lang='grc' dir='ltr'>καὶ</span> <span class='ocrx_word' id='word_1_187' title='bbox 420 2435 469 2441; x_wconf 93' lang='lat'>—-</span> <span class='ocrx_word' id='word_1_188' title='bbox 501 2415 550 2454; x_wconf 88' lang='lat'>9:</span> <span class='ocrx_word' id='word_1_189' title='bbox 583 2414 750 2467; x_wconf 82' lang='grc' dir='ltr'><em>μετρεῖ</em></span> <span class='ocrx_word' id='word_1_190' title='bbox 781 2423 1072 2467; x_wconf 79' lang='lat' dir='ltr'>superuacua</span> <span class='ocrx_word' id='word_1_191' title='bbox 1104 2413 1233 2467; x_wconf 85' lang='lat' dir='ltr'>sunt,</span> <span class='ocrx_word' id='word_1_192' title='bbox 1275 2412 1323 2456; x_wconf 86' lang='lat' dir='ltr'>et</span> <span class='ocrx_word' id='word_1_193' title='bbox 1370 2411 1568 2456; x_wconf 83' lang='lat' dir='ltr'>fortasse</span> <span class='ocrx_word' id='word_1_194' title='bbox 1611 2412 1717 2456; x_wconf 84' lang='lat' dir='ltr'>sub-</span> 
     </span>
    </p>
   </div>
   <div class='ocr_carea' id='block_1_7' title="bbox 30 2652 1718 2782">
    <p class='ocr_par' dir='ltr' id='par_1_9' title="bbox 30 2652 1718 2782">
     <span class='ocr_line' id='line_1_28' title="bbox 34 2652 1718 2723; baseline 0.003 -18"><span class='ocrx_word' id='word_1_195' title='bbox 34 2652 150 2706; x_wconf 74' lang='grc' dir='ltr'><strong><em>ὅστε</em></strong></span> <span class='ocrx_word' id='word_1_196' title='bbox 196 2660 304 2706; x_wconf 83' lang='lat' dir='ltr'>add.</span> <span class='ocrx_word' id='word_1_197' title='bbox 343 2663 429 2706; x_wconf 79' lang='grc' dir='ltr'>καί</span> <span class='ocrx_word' id='word_1_198' title='bbox 461 2661 511 2707; x_wconf 88' lang='lat' dir='ltr'>in</span> <span class='ocrx_word' id='word_1_199' title='bbox 548 2676 625 2707; x_wconf 83' lang='lat' dir='ltr'>ras</span> <span class='ocrx_word' id='word_1_200' title='bbox 664 2662 715 2706; x_wconf 89' lang='grc' dir='ltr'>Β.</span> <span class='ocrx_word' id='word_1_201' title='bbox 840 2667 880 2707; x_wconf 87' lang='grc'>9.</span> <span class='ocrx_word' id='word_1_202' title='bbox 914 2663 1023 2722; x_wconf 80' lang='grc' dir='ltr'><strong><em>καί]</em></strong></span> <span class='ocrx_word' id='word_1_203' title='bbox 1067 2678 1208 2721; x_wconf 81' lang='lat' dir='ltr'>supra</span> <span class='ocrx_word' id='word_1_204' title='bbox 1239 2681 1287 2721; x_wconf 86' lang='grc' dir='ltr'>φ.</span> <span class='ocrx_word' id='word_1_205' title='bbox 1410 2664 1480 2723; x_wconf 91' lang='grc' dir='ltr'>Δ]</span> <span class='ocrx_word' id='word_1_206' title='bbox 1516 2665 1636 2722; x_wconf 81' lang='lat' dir='ltr'>(alt.)</span> <span class='ocrx_word' id='word_1_207' title='bbox 1668 2665 1718 2709; x_wconf 85' lang='lat' dir='ltr'>in</span> 
     </span>
     <span class='ocr_line' id='line_1_29' title="bbox 30 2720 1401 2782; baseline 0.003 -18"><span class='ocrx_word' id='word_1_208' title='bbox 30 2733 122 2767; x_wconf 75' lang='lat' dir='ltr'>ras,</span> <span class='ocrx_word' id='word_1_209' title='bbox 154 2720 211 2767; x_wconf 83' lang='lat' dir='ltr'>V.</span> <span class='ocrx_word' id='word_1_210' title='bbox 335 2726 402 2766; x_wconf 89' lang='lat'>11.</span> <span class='ocrx_word' id='word_1_211' title='bbox 437 2727 673 2779; x_wconf 82' lang='grc' dir='ltr'><strong><em>μετρεῖται</em></strong></span> <span class='ocrx_word' id='word_1_212' title='bbox 705 2721 806 2778; x_wconf 74' lang='lat' dir='ltr'>Vq).</span> <span class='ocrx_word' id='word_1_213' title='bbox 932 2727 999 2768; x_wconf 88' lang='grc'>16.</span> <span class='ocrx_word' id='word_1_214' title='bbox 1033 2720 1196 2782; x_wconf 77' lang='grc' dir='ltr'><strong>ἄλλον]</strong></span> <span class='ocrx_word' id='word_1_215' title='bbox 1230 2737 1319 2768; x_wconf 88' lang='lat' dir='ltr'>om.</span> <span class='ocrx_word' id='word_1_216' title='bbox 1353 2724 1401 2769; x_wconf 93' lang='lat' dir='ltr'>P.</span> 
     </span>
    </p>
   </div>
  </div>
 </body>
</html>
