<?xml version="1.0" encoding="UTF-8"?>
<!DOCTYPE html PUBLIC "-//W3C//DTD XHTML 1.0 Transitional//EN"
    "http://www.w3.org/TR/xhtml1/DTD/xhtml1-transitional.dtd">
<html xmlns="http://www.w3.org/1999/xhtml" xml:lang="en" lang="en">
 <head>
  <title>
</title>
<meta http-equiv="Content-Type" content="text/html;charset=utf-8" />
  <meta name='ocr-system' content='tesseract 3.04.00' />
  <meta name='ocr-capabilities' content='ocr_page ocr_carea ocr_par ocr_line ocrx_word'/>
</head>
<body>
  <div class='ocr_page' id='page_1' title='image "./euclidisoperaomn02eucluoft_0203.png"; bbox 0 0 1988 3152; ppageno 0'>
   <div class='ocr_carea' id='block_1_1' title="bbox 556 134 1846 327">
    <p class='ocr_par' dir='ltr' id='par_1_1' title="bbox 556 134 1846 327">
     <span class='ocr_line' id='line_1_1' title="bbox 556 134 1839 188; baseline -0.002 -7"><span class='ocrx_word' id='word_1_1' title='bbox 556 137 1018 181; x_wconf 83' lang='lat' dir='ltr'><strong>ELEMENTORUM</strong></span> <span class='ocrx_word' id='word_1_2' title='bbox 1046 138 1230 179; x_wconf 87' lang='lat' dir='ltr'><strong>LIBER</strong></span> <span class='ocrx_word' id='word_1_3' title='bbox 1259 138 1336 180; x_wconf 91' lang='lat' dir='ltr'>VI.</span> <span class='ocrx_word' id='word_1_4' title='bbox 1735 134 1839 188; x_wconf 76' lang='lat'>177</span> 
     </span>
     <span class='ocr_line' id='line_1_2' title="bbox 724 256 1846 327; baseline 0 -17"><span class='ocrx_word' id='word_1_5' title='bbox 724 258 886 311; x_wconf 85' lang='lat' dir='ltr'>lateri</span> <span class='ocrx_word' id='word_1_6' title='bbox 940 263 996 310; x_wconf 84' lang='lat' dir='ltr'><em>A</em></span> <span class='ocrx_word' id='word_1_7' title='bbox 1005 259 1066 327; x_wconf 92' lang='grc' dir='ltr'>Γ,</span> <span class='ocrx_word' id='word_1_8' title='bbox 1110 259 1225 310; x_wconf 93' lang='grc' dir='ltr'><em>ΑΓ</em></span> <span class='ocrx_word' id='word_1_9' title='bbox 1275 260 1455 310; x_wconf 88' lang='lat' dir='ltr'>autem</span> <span class='ocrx_word' id='word_1_10' title='bbox 1511 256 1671 310; x_wconf 76' lang='lat' dir='ltr'>lateri</span> <span class='ocrx_word' id='word_1_11' title='bbox 1727 261 1846 310; x_wconf 86' lang='lat' dir='ltr'>AE</span> 
     </span>
    </p>
   </div>
   <div class='ocr_carea' id='block_1_2' title="bbox 139 314 1845 864">
    <p class='ocr_par' dir='ltr' id='par_1_2' title="bbox 139 314 1845 864">
     <span class='ocr_line' id='line_1_3' title="bbox 631 314 1839 416; baseline 0 -17"><span class='ocrx_word' id='word_1_12' title='bbox 631 314 678 362; x_wconf 76' lang='grc' dir='ltr'><em>Δ</em></span> <span class='ocrx_word' id='word_1_13' title='bbox 724 345 1063 416; x_wconf 81' lang='lat' dir='ltr'>parallelum.</span> <span class='ocrx_word' id='word_1_14' title='bbox 1079 373 1081 376; x_wconf 87' lang='grc'><em>·</em></span> <span class='ocrx_word' id='word_1_15' title='bbox 1113 345 1246 415; x_wconf 81' lang='lat' dir='ltr'>dico,</span> <span class='ocrx_word' id='word_1_16' title='bbox 1263 348 1376 399; x_wconf 92' lang='grc' dir='ltr'>ΒΓ</span> <span class='ocrx_word' id='word_1_17' title='bbox 1385 349 1438 399; x_wconf 84' lang='grc' dir='ltr'>θὴ</span> <span class='ocrx_word' id='word_1_18' title='bbox 1456 348 1562 400; x_wconf 90' lang='grc' dir='ltr'>ΓΕ</span> <span class='ocrx_word' id='word_1_19' title='bbox 1574 346 1632 399; x_wconf 90' lang='lat' dir='ltr'>in</span> <span class='ocrx_word' id='word_1_20' title='bbox 1651 346 1839 399; x_wconf 88' lang='lat' dir='ltr'>eadem</span> 
     </span>
     <span class='ocr_line' id='line_1_4' title="bbox 322 437 1045 488; baseline -0.008 3"><span class='ocrx_word' id='word_1_21' title='bbox 322 437 391 484; x_wconf 80' lang='grc' dir='ltr'><em>Α</em></span> <span class='ocrx_word' id='word_1_22' title='bbox 724 438 873 488; x_wconf 81' lang='lat' dir='ltr'>recta</span> <span class='ocrx_word' id='word_1_23' title='bbox 912 451 1045 487; x_wconf 81' lang='lat' dir='ltr'>esse.</span> 
     </span>
     <span class='ocr_line' id='line_1_5' title="bbox 200 370 1845 670; baseline 0.002 -96"><span class='ocrx_word' id='word_1_24' title='bbox 200 370 652 670; x_wconf 56' lang='grc' dir='ltr'><em>Μ</em></span> <span class='ocrx_word' id='word_1_25' title='bbox 836 541 965 576; x_wconf 89' lang='lat' dir='ltr'>nam</span> <span class='ocrx_word' id='word_1_26' title='bbox 1021 522 1279 591; x_wconf 88' lang='lat' dir='ltr'>quoniam</span> <span class='ocrx_word' id='word_1_27' title='bbox 1328 529 1438 578; x_wconf 90' lang='lat' dir='ltr'>AB</span> <span class='ocrx_word' id='word_1_28' title='bbox 1493 527 1672 579; x_wconf 81' lang='lat' dir='ltr'>rectae</span> <span class='ocrx_word' id='word_1_29' title='bbox 1729 527 1845 578; x_wconf 88' lang='grc' dir='ltr'>ΔΓ</span> 
     </span>
     <span class='ocr_line' id='line_1_6' title="bbox 724 611 1841 682; baseline 0.001 -17"><span class='ocrx_word' id='word_1_30' title='bbox 724 611 989 682; x_wconf 86' lang='lat' dir='ltr'>parallela</span> <span class='ocrx_word' id='word_1_31' title='bbox 1029 613 1127 680; x_wconf 81' lang='lat' dir='ltr'>est,</span> <span class='ocrx_word' id='word_1_32' title='bbox 1167 615 1221 664; x_wconf 91' lang='lat' dir='ltr'>et</span> <span class='ocrx_word' id='word_1_33' title='bbox 1259 613 1315 665; x_wconf 89' lang='lat' dir='ltr'>in</span> <span class='ocrx_word' id='word_1_34' title='bbox 1349 633 1437 667; x_wconf 84' lang='lat' dir='ltr'>eas</span> <span class='ocrx_word' id='word_1_35' title='bbox 1470 614 1661 668; x_wconf 78' lang='lat' dir='ltr'>incidit</span> <span class='ocrx_word' id='word_1_36' title='bbox 1691 617 1841 667; x_wconf 83' lang='lat' dir='ltr'>reeta</span> 
     </span>
     <span class='ocr_line' id='line_1_7' title="bbox 152 674 1844 775; baseline 0.002 -23"><span class='ocrx_word' id='word_1_37' title='bbox 152 674 213 720; x_wconf 66' lang='lat' dir='ltr'><em>B</em></span> <span class='ocrx_word' id='word_1_38' title='bbox 283 675 343 719; x_wconf 71' lang='grc' dir='ltr'><em>Γ</em></span> <span class='ocrx_word' id='word_1_39' title='bbox 567 681 633 724; x_wconf 76' lang='grc' dir='ltr'><em>Ε</em></span> <span class='ocrx_word' id='word_1_40' title='bbox 725 705 859 767; x_wconf 84' lang='grc' dir='ltr'>ΑΓ,</span> <span class='ocrx_word' id='word_1_41' title='bbox 922 698 1122 756; x_wconf 71' lang='lat' dir='ltr'>alterni</span> <span class='ocrx_word' id='word_1_42' title='bbox 1185 703 1371 774; x_wconf 78' lang='lat' dir='ltr'>anguli</span> <span class='ocrx_word' id='word_1_43' title='bbox 1433 707 1620 775; x_wconf 80' lang='grc' dir='ltr'>ΒΑΓ,</span> <span class='ocrx_word' id='word_1_44' title='bbox 1676 704 1844 756; x_wconf 80' lang='grc' dir='ltr'>ΑΓΛ</span> 
     </span>
     <span class='ocr_line' id='line_1_8' title="bbox 139 793 1580 864; baseline -0.001 -18"><span class='ocrx_word' id='word_1_45' title='bbox 139 793 390 864; x_wconf 83' lang='lat' dir='ltr'>aequales</span> <span class='ocrx_word' id='word_1_46' title='bbox 431 797 557 846; x_wconf 85' lang='lat' dir='ltr'>sunt</span> <span class='ocrx_word' id='word_1_47' title='bbox 599 793 661 862; x_wconf 92' lang='grc' dir='ltr'>[Ι,</span> <span class='ocrx_word' id='word_1_48' title='bbox 693 794 804 861; x_wconf 80' lang='grc'><em>29].</em></span> <span class='ocrx_word' id='word_1_49' title='bbox 883 795 1068 848; x_wconf 89' lang='lat' dir='ltr'>eadem</span> <span class='ocrx_word' id='word_1_50' title='bbox 1109 793 1172 846; x_wconf 90' lang='lat' dir='ltr'>de</span> <span class='ocrx_word' id='word_1_51' title='bbox 1214 813 1376 848; x_wconf 84' lang='lat' dir='ltr'>eausa</span> <span class='ocrx_word' id='word_1_52' title='bbox 1417 794 1580 847; x_wconf 84' lang='lat' dir='ltr'>etiam</span> 
     </span>
    </p>
   </div>
   <div class='ocr_carea' id='block_1_3' title="bbox 138 883 1844 1042">
    <p class='ocr_par' dir='ltr' id='par_1_3' title="bbox 138 883 1844 1042">
     <span class='ocr_line' id='line_1_9' title="bbox 213 883 1757 953; baseline 0 -19"><span class='ocrx_word' id='word_1_53' title='bbox 213 888 247 944; x_wconf 69' lang='lat' dir='ltr'><em>L</em></span> <span class='ocrx_word' id='word_1_54' title='bbox 273 885 438 935; x_wconf 90' lang='grc' dir='ltr'>ΓΔΕ</span> <span class='ocrx_word' id='word_1_55' title='bbox 460 907 530 925; x_wconf 94' lang='lat'><strong><em>=</em></strong></span> <span class='ocrx_word' id='word_1_56' title='bbox 554 885 741 935; x_wconf 90' lang='grc' dir='ltr'><em>ΑΓΔ.</em></span> <span class='ocrx_word' id='word_1_57' title='bbox 821 901 986 953; x_wconf 89' lang='lat' dir='ltr'>quare</span> <span class='ocrx_word' id='word_1_58' title='bbox 1027 885 1193 937; x_wconf 89' lang='lat' dir='ltr'>etiam</span> <span class='ocrx_word' id='word_1_59' title='bbox 1233 888 1267 946; x_wconf 67' lang='lat' dir='ltr'><em>L</em></span> <span class='ocrx_word' id='word_1_60' title='bbox 1293 885 1467 936; x_wconf 90' lang='grc' dir='ltr'>ΒΑΓ</span> <span class='ocrx_word' id='word_1_61' title='bbox 1486 907 1556 925; x_wconf 80' lang='lat'>=</span> <span class='ocrx_word' id='word_1_62' title='bbox 1581 883 1757 935; x_wconf 90' lang='grc' dir='ltr'><em>ΓΔΕ.</em></span> 
     </span>
     <span class='ocr_line' id='line_1_10' title="bbox 138 971 1844 1042; baseline -0.001 -18"><span class='ocrx_word' id='word_1_63' title='bbox 138 975 193 1024; x_wconf 85' lang='grc' dir='ltr'>θὴ</span> <span class='ocrx_word' id='word_1_64' title='bbox 249 971 506 1040; x_wconf 89' lang='lat' dir='ltr'>quoniam</span> <span class='ocrx_word' id='word_1_65' title='bbox 561 971 667 1024; x_wconf 91' lang='lat' dir='ltr'>duo</span> <span class='ocrx_word' id='word_1_66' title='bbox 722 971 986 1042; x_wconf 76' lang='lat' dir='ltr'>trianguli</span> <span class='ocrx_word' id='word_1_67' title='bbox 1037 976 1164 1026; x_wconf 83' lang='lat' dir='ltr'>sunt</span> <span class='ocrx_word' id='word_1_68' title='bbox 1226 977 1279 1025; x_wconf 90' lang='lat' dir='ltr'><em>A</em></span> <span class='ocrx_word' id='word_1_69' title='bbox 1288 975 1405 1042; x_wconf 87' lang='grc' dir='ltr'>ΒΓ,</span> <span class='ocrx_word' id='word_1_70' title='bbox 1454 975 1510 1024; x_wconf 90' lang='grc' dir='ltr'><em>Δ</em></span> <span class='ocrx_word' id='word_1_71' title='bbox 1518 974 1627 1024; x_wconf 93' lang='grc' dir='ltr'>ΓΕ</span> <span class='ocrx_word' id='word_1_72' title='bbox 1677 988 1844 1024; x_wconf 90' lang='lat' dir='ltr'>unum</span> 
     </span>
    </p>
   </div>
   <div class='ocr_carea' id='block_1_4' title="bbox 27 1060 1847 1311">
    <p class='ocr_par' dir='ltr' id='par_1_4' title="bbox 27 1060 1847 1311">
     <span class='ocr_line' id='line_1_11' title="bbox 27 1060 1847 1133; baseline 0.001 -21"><span class='ocrx_word' id='word_1_73' title='bbox 27 1071 30 1074; x_wconf 55' lang='lat'><strong>⁴</strong></span> <span class='ocrx_word' id='word_1_74' title='bbox 141 1061 416 1130; x_wconf 85' lang='lat' dir='ltr'><strong>angulum,</strong></span> <span class='ocrx_word' id='word_1_75' title='bbox 457 1060 549 1129; x_wconf 90' lang='lat' dir='ltr'>qui</span> <span class='ocrx_word' id='word_1_76' title='bbox 590 1060 657 1113; x_wconf 87' lang='lat' dir='ltr'>ad</span> <span class='ocrx_word' id='word_1_77' title='bbox 697 1066 751 1113; x_wconf 90' lang='lat' dir='ltr'><em>A</em></span> <span class='ocrx_word' id='word_1_78' title='bbox 787 1062 1000 1130; x_wconf 83' lang='lat' dir='ltr'>positus</span> <span class='ocrx_word' id='word_1_79' title='bbox 1041 1065 1137 1133; x_wconf 80' lang='lat' dir='ltr'>est,</span> <span class='ocrx_word' id='word_1_80' title='bbox 1180 1063 1275 1116; x_wconf 92' lang='lat' dir='ltr'>uni</span> <span class='ocrx_word' id='word_1_81' title='bbox 1309 1062 1526 1132; x_wconf 83' lang='lat' dir='ltr'>angu10,</span> <span class='ocrx_word' id='word_1_82' title='bbox 1566 1061 1659 1131; x_wconf 91' lang='lat' dir='ltr'>qui</span> <span class='ocrx_word' id='word_1_83' title='bbox 1692 1060 1758 1114; x_wconf 86' lang='lat' dir='ltr'>ad</span> <span class='ocrx_word' id='word_1_84' title='bbox 1793 1064 1847 1113; x_wconf 83' lang='lat' dir='ltr'><em>A</em></span> 
     </span>
     <span class='ocr_line' id='line_1_12' title="bbox 33 1150 1842 1220; baseline 0 -18"><span class='ocrx_word' id='word_1_85' title='bbox 33 1193 46 1201; x_wconf 85' lang='lat'><em>.</em></span> <span class='ocrx_word' id='word_1_86' title='bbox 136 1151 349 1220; x_wconf 83' lang='lat' dir='ltr'>positus</span> <span class='ocrx_word' id='word_1_87' title='bbox 405 1152 509 1219; x_wconf 83' lang='lat' dir='ltr'>est,</span> <span class='ocrx_word' id='word_1_88' title='bbox 574 1151 854 1219; x_wconf 88' lang='lat' dir='ltr'>aequalem</span> <span class='ocrx_word' id='word_1_89' title='bbox 916 1151 1180 1206; x_wconf 78' lang='lat' dir='ltr'>habentes</span> <span class='ocrx_word' id='word_1_90' title='bbox 1238 1156 1292 1205; x_wconf 90' lang='lat' dir='ltr'>et</span> <span class='ocrx_word' id='word_1_91' title='bbox 1352 1153 1525 1205; x_wconf 84' lang='lat' dir='ltr'>latera</span> <span class='ocrx_word' id='word_1_92' title='bbox 1588 1150 1842 1220; x_wconf 82' lang='lat' dir='ltr'>aequales</span> 
     </span>
     <span class='ocr_line' id='line_1_13' title="bbox 32 1239 1427 1311; baseline 0.002 -20"><span class='ocrx_word' id='word_1_93' title='bbox 32 1243 35 1247; x_wconf 85' lang='lat'>&#39;</span> <span class='ocrx_word' id='word_1_94' title='bbox 140 1239 372 1309; x_wconf 84' lang='lat' dir='ltr'>angulos</span> <span class='ocrx_word' id='word_1_95' title='bbox 414 1239 929 1309; x_wconf 72' lang='lat' dir='ltr'>comprehendentia</span> <span class='ocrx_word' id='word_1_96' title='bbox 972 1241 1427 1311; x_wconf 74' lang='lat' dir='ltr'>proportionalia,</span> 
     </span>
    </p>
   </div>
   <div class='ocr_carea' id='block_1_5' title="bbox 32 1327 1849 1667">
    <p class='ocr_par' dir='ltr' id='par_1_5' title="bbox 32 1327 1574 1400">
     <span class='ocr_line' id='line_1_14' title="bbox 32 1327 1574 1400; baseline -0.001 -19"><span class='ocrx_word' id='word_1_97' title='bbox 32 1389 37 1396; x_wconf 45' lang='grc'>,</span> <span class='ocrx_word' id='word_1_98' title='bbox 414 1331 1121 1400; x_wconf 71' lang='grc' dir='ltr'><em>ΒΑιΑΓ-τ-ΓΔεΔΕ,</em></span> <span class='ocrx_word' id='word_1_99' title='bbox 1162 1330 1263 1383; x_wconf 86' lang='lat' dir='ltr'>erit</span> <span class='ocrx_word' id='word_1_100' title='bbox 1301 1327 1362 1386; x_wconf 78' lang='grc' dir='ltr'>Δ</span> <span class='ocrx_word' id='word_1_101' title='bbox 1401 1331 1574 1381; x_wconf 88' lang='grc' dir='ltr'>ΑΒΓ</span> 
     </span>
    </p>

    <p class='ocr_par' dir='ltr' id='par_1_6' title="bbox 38 1417 1679 1489">
     <span class='ocr_line' id='line_1_15' title="bbox 38 1417 1679 1489; baseline 0.001 -20"><span class='ocrx_word' id='word_1_102' title='bbox 38 1431 43 1443; x_wconf 74' lang='lat'>²</span> <span class='ocrx_word' id='word_1_103' title='bbox 135 1417 418 1487; x_wconf 82' lang='lat' dir='ltr'>triangulo</span> <span class='ocrx_word' id='word_1_104' title='bbox 460 1419 634 1470; x_wconf 92' lang='grc' dir='ltr'>ΔΓΕ</span> <span class='ocrx_word' id='word_1_105' title='bbox 667 1418 1065 1489; x_wconf 83' lang='lat' dir='ltr'>aequiangulus</span> <span class='ocrx_word' id='word_1_106' title='bbox 1108 1421 1285 1488; x_wconf 88' lang='lat' dir='ltr'>[prop.</span> <span class='ocrx_word' id='word_1_107' title='bbox 1317 1417 1435 1485; x_wconf 90' lang='lat' dir='ltr'>V1].</span> <span class='ocrx_word' id='word_1_108' title='bbox 1514 1435 1679 1487; x_wconf 88' lang='lat' dir='ltr'>quare</span> 
     </span>
    </p>

    <p class='ocr_par' dir='ltr' id='par_1_7' title="bbox 39 1510 1255 1581">
     <span class='ocr_line' id='line_1_16' title="bbox 568 1510 1255 1576; baseline 0 -16"><span class='ocrx_word' id='word_1_109' title='bbox 568 1562 588 1576; x_wconf 23' lang='lat' dir='ltr'>N</span> <span class='ocrx_word' id='word_1_110' title='bbox 714 1511 749 1569; x_wconf 66' lang='lat' dir='ltr'><em>L</em></span> <span class='ocrx_word' id='word_1_111' title='bbox 782 1510 955 1561; x_wconf 84' lang='grc' dir='ltr'>ΑΒΓ</span> <span class='ocrx_word' id='word_1_112' title='bbox 974 1534 1043 1551; x_wconf 90' lang='grc'>--</span> <span class='ocrx_word' id='word_1_113' title='bbox 1071 1510 1255 1561; x_wconf 80' lang='grc' dir='ltr'>ΑΓΕ.</span> 
     </span>
    </p>

    <p class='ocr_par' dir='ltr' id='par_1_8' title="bbox 46 1590 1849 1671">
     <span class='ocr_line' id='line_1_17' title="bbox 139 1595 1849 1667; baseline 0 -19"><span class='ocrx_word' id='word_1_114' title='bbox 139 1595 233 1649; x_wconf 84' lang='lat' dir='ltr'>sed</span> <span class='ocrx_word' id='word_1_115' title='bbox 280 1595 708 1650; x_wconf 83' lang='lat' dir='ltr'>demonstratum</span> <span class='ocrx_word' id='word_1_116' title='bbox 758 1601 861 1667; x_wconf 80' lang='lat' dir='ltr'>est,</span> <span class='ocrx_word' id='word_1_117' title='bbox 915 1615 1033 1651; x_wconf 80' lang='lat' dir='ltr'>esse</span> <span class='ocrx_word' id='word_1_118' title='bbox 1083 1598 1248 1651; x_wconf 90' lang='lat' dir='ltr'>etiam</span> <span class='ocrx_word' id='word_1_119' title='bbox 1297 1603 1331 1659; x_wconf 67' lang='lat' dir='ltr'><em>L</em></span> <span class='ocrx_word' id='word_1_120' title='bbox 1364 1598 1531 1649; x_wconf 88' lang='grc' dir='ltr'><em>ΑΓΔ</em></span> <span class='ocrx_word' id='word_1_121' title='bbox 1567 1621 1634 1640; x_wconf 83' lang='lat'>==</span> <span class='ocrx_word' id='word_1_122' title='bbox 1669 1598 1849 1649; x_wconf 93' lang='grc' dir='ltr'><em>ΒΑΓ.</em></span> 
     </span>
    </p>
   </div>
   <div class='ocr_carea' id='block_1_6' title="bbox 42 1675 1847 1846">
    <p class='ocr_par' dir='ltr' id='par_1_9' title="bbox 42 1675 1847 1846">
     <span class='ocr_line' id='line_1_18' title="bbox 42 1675 1847 1754; baseline 0.001 -17"><span class='ocrx_word' id='word_1_123' title='bbox 42 1675 57 1745; x_wconf 44' lang='grc' dir='ltr'>ἶ</span> <span class='ocrx_word' id='word_1_124' title='bbox 140 1703 306 1753; x_wconf 87' lang='lat' dir='ltr'>quare</span> <span class='ocrx_word' id='word_1_125' title='bbox 372 1685 475 1738; x_wconf 86' lang='lat' dir='ltr'>erit</span> <span class='ocrx_word' id='word_1_126' title='bbox 537 1690 571 1747; x_wconf 74' lang='lat' dir='ltr'><em>L</em></span> <span class='ocrx_word' id='word_1_127' title='bbox 619 1688 791 1738; x_wconf 91' lang='grc' dir='ltr'>ΑΓΕ</span> <span class='ocrx_word' id='word_1_128' title='bbox 829 1711 898 1729; x_wconf 91' lang='lat'>=</span> <span class='ocrx_word' id='word_1_129' title='bbox 940 1689 1112 1740; x_wconf 94' lang='grc' dir='ltr'>ΑΒΓ</span> <span class='ocrx_word' id='word_1_130' title='bbox 1151 1689 1214 1754; x_wconf 63' lang='lat' dir='ltr'>-l-</span> <span class='ocrx_word' id='word_1_131' title='bbox 1264 1689 1442 1740; x_wconf 93' lang='grc' dir='ltr'><em>ΒΑΓ.</em></span> <span class='ocrx_word' id='word_1_132' title='bbox 1545 1686 1847 1739; x_wconf 86' lang='lat' dir='ltr'>communis</span> 
     </span>
     <span class='ocr_line' id='line_1_19' title="bbox 48 1773 971 1846; baseline 0.002 -20"><span class='ocrx_word' id='word_1_133' title='bbox 48 1777 60 1846; x_wconf 64' lang='grc' dir='ltr'>ξ.</span> <span class='ocrx_word' id='word_1_134' title='bbox 140 1773 424 1826; x_wconf 86' lang='lat' dir='ltr'>adiiciatur</span> <span class='ocrx_word' id='word_1_135' title='bbox 463 1778 498 1835; x_wconf 74' lang='lat' dir='ltr'><em>L</em></span> <span class='ocrx_word' id='word_1_136' title='bbox 531 1777 708 1828; x_wconf 92' lang='grc' dir='ltr'><em>ΑΓΒ.</em></span> <span class='ocrx_word' id='word_1_137' title='bbox 788 1775 971 1845; x_wconf 87' lang='lat' dir='ltr'>itaque</span> 
     </span>
    </p>
   </div>
   <div class='ocr_carea' id='block_1_7' title="bbox 56 1865 1847 2113">
    <p class='ocr_par' dir='ltr' id='par_1_10' title="bbox 56 1865 1847 2113">
     <span class='ocr_line' id='line_1_20' title="bbox 326 1865 1653 1932; baseline 0.001 -16"><span class='ocrx_word' id='word_1_138' title='bbox 326 1866 496 1916; x_wconf 90' lang='grc' dir='ltr'>ΑΓΕ</span> <span class='ocrx_word' id='word_1_139' title='bbox 520 1866 586 1932; x_wconf 87' lang='grc' dir='ltr'>-Ι-</span> <span class='ocrx_word' id='word_1_140' title='bbox 614 1867 779 1918; x_wconf 96' lang='grc' dir='ltr'><em>ΑΓΒ</em></span> <span class='ocrx_word' id='word_1_141' title='bbox 806 1891 875 1909; x_wconf 82' lang='grc'>--</span> <span class='ocrx_word' id='word_1_142' title='bbox 901 1865 1159 1932; x_wconf 84' lang='grc' dir='ltr'><em>ΒΑΓ-Ι-</em></span> <span class='ocrx_word' id='word_1_143' title='bbox 1190 1867 1354 1918; x_wconf 91' lang='grc' dir='ltr'>ΑΓΒ</span> <span class='ocrx_word' id='word_1_144' title='bbox 1382 1867 1448 1932; x_wconf 61' lang='lat'>-1-</span> <span class='ocrx_word' id='word_1_145' title='bbox 1476 1866 1653 1918; x_wconf 92' lang='grc' dir='ltr'><em>ΓΒΑ.</em></span> 
     </span>
     <span class='ocr_line' id='line_1_21' title="bbox 56 1954 1847 2034; baseline 0.001 -28"><span class='ocrx_word' id='word_1_146' title='bbox 56 2030 58 2034; x_wconf 19' lang='lat'><strong><em>¹</em></strong></span> <span class='ocrx_word' id='word_1_147' title='bbox 138 1971 329 2006; x_wconf 87' lang='lat' dir='ltr'>uerum</span> <span class='ocrx_word' id='word_1_148' title='bbox 368 1957 541 2007; x_wconf 92' lang='grc' dir='ltr'>ΒΑΓ</span> <span class='ocrx_word' id='word_1_149' title='bbox 561 1956 628 2022; x_wconf 78' lang='grc' dir='ltr'>-Ι-</span> <span class='ocrx_word' id='word_1_150' title='bbox 651 1957 828 2008; x_wconf 91' lang='grc' dir='ltr'><em>ΑΒΓ</em></span> <span class='ocrx_word' id='word_1_151' title='bbox 847 1957 913 2023; x_wconf 77' lang='grc' dir='ltr'>-Ι-</span> <span class='ocrx_word' id='word_1_152' title='bbox 942 1956 1105 2009; x_wconf 89' lang='grc' dir='ltr'>ΑΓΒ</span> <span class='ocrx_word' id='word_1_153' title='bbox 1147 1955 1356 2008; x_wconf 82' lang='lat' dir='ltr'>duobus</span> <span class='ocrx_word' id='word_1_154' title='bbox 1396 1954 1558 2007; x_wconf 78' lang='lat' dir='ltr'>rectis</span> <span class='ocrx_word' id='word_1_155' title='bbox 1594 1955 1847 2024; x_wconf 85' lang='lat' dir='ltr'>aequales</span> 
     </span>
     <span class='ocr_line' id='line_1_22' title="bbox 141 2043 1847 2113; baseline 0.002 -19"><span class='ocrx_word' id='word_1_156' title='bbox 141 2046 282 2095; x_wconf 78' lang='lat' dir='ltr'>sunt.</span> <span class='ocrx_word' id='word_1_157' title='bbox 347 2060 511 2111; x_wconf 90' lang='lat' dir='ltr'>quare</span> <span class='ocrx_word' id='word_1_158' title='bbox 546 2043 711 2096; x_wconf 88' lang='lat' dir='ltr'>etiam</span> <span class='ocrx_word' id='word_1_159' title='bbox 744 2046 917 2097; x_wconf 91' lang='grc' dir='ltr'>ΑΓΕ</span> <span class='ocrx_word' id='word_1_160' title='bbox 937 2043 1012 2113; x_wconf 77' lang='grc' dir='ltr'>-Ι-</span> <span class='ocrx_word' id='word_1_161' title='bbox 1035 2049 1088 2096; x_wconf 93' lang='grc' dir='ltr'><em>Α</em></span> <span class='ocrx_word' id='word_1_162' title='bbox 1102 2045 1204 2096; x_wconf 91' lang='grc' dir='ltr'>ΓΒ</span> <span class='ocrx_word' id='word_1_163' title='bbox 1231 2043 1438 2097; x_wconf 84' lang='lat' dir='ltr'>duobus</span> <span class='ocrx_word' id='word_1_164' title='bbox 1464 2045 1625 2097; x_wconf 79' lang='lat' dir='ltr'>rectis</span> <span class='ocrx_word' id='word_1_165' title='bbox 1651 2062 1847 2113; x_wconf 88' lang='lat' dir='ltr'>aequa—</span> 
     </span>
    </p>
   </div>
   <div class='ocr_carea' id='block_1_8' title="bbox 139 2131 1855 2204">
    <p class='ocr_par' dir='ltr' id='par_1_11' title="bbox 0 2131 1855 2204">
     <span class='ocr_line' id='line_1_23' title="bbox 139 2131 1855 2204; baseline 0.001 -19.85"><span class='ocrx_word' id='word_1_166' title='bbox 139 2131 221 2184; x_wconf 87' lang='lat' dir='ltr'>les</span> <span class='ocrx_word' id='word_1_167' title='bbox 272 2135 412 2185; x_wconf 83' lang='lat' dir='ltr'>sunt.</span> <span class='ocrx_word' id='word_1_168' title='bbox 490 2132 672 2202; x_wconf 85' lang='lat' dir='ltr'>itaque</span> <span class='ocrx_word' id='word_1_169' title='bbox 721 2132 789 2186; x_wconf 91' lang='lat' dir='ltr'>ad</span> <span class='ocrx_word' id='word_1_170' title='bbox 836 2137 1042 2187; x_wconf 85' lang='lat' dir='ltr'>rectam</span> <span class='ocrx_word' id='word_1_171' title='bbox 1089 2135 1205 2186; x_wconf 92' lang='grc' dir='ltr'><em>ΑΓ</em></span> <span class='ocrx_word' id='word_1_172' title='bbox 1239 2136 1294 2186; x_wconf 89' lang='grc' dir='ltr'>θὴ</span> <span class='ocrx_word' id='word_1_173' title='bbox 1339 2136 1606 2204; x_wconf 84' lang='lat' dir='ltr'>punctum</span> <span class='ocrx_word' id='word_1_174' title='bbox 1646 2133 1759 2186; x_wconf 83' lang='lat' dir='ltr'>eius</span> <span class='ocrx_word' id='word_1_175' title='bbox 1801 2135 1855 2186; x_wconf 95' lang='grc' dir='ltr'><em>Γ</em></span> 
     </span>
    </p>
   </div>
   <div class='ocr_carea' id='block_1_9' title="bbox 0 0 51 3152">
    <p class='ocr_par' dir='ltr' id='par_1_12' title="bbox 0 0 51 3152">
     <span class='ocr_line' id='line_1_24' title="bbox 0 0 51 3152; baseline 0 0"><span class='ocrx_word' id='word_1_176' title='bbox 0 0 51 3152; x_wconf 95' lang='lat' dir='ltr'> </span> 
     </span>
    </p>
   </div>
   <div class='ocr_carea' id='block_1_10' title="bbox 141 2220 1850 2650">
    <p class='ocr_par' dir='ltr' id='par_1_13' title="bbox 141 2220 1850 2558">
     <span class='ocr_line' id='line_1_25' title="bbox 141 2220 1848 2293; baseline 0.001 -20"><span class='ocrx_word' id='word_1_177' title='bbox 141 2220 276 2273; x_wconf 90' lang='lat' dir='ltr'>duae</span> <span class='ocrx_word' id='word_1_178' title='bbox 327 2224 505 2275; x_wconf 84' lang='lat' dir='ltr'>rectae</span> <span class='ocrx_word' id='word_1_179' title='bbox 545 2224 662 2288; x_wconf 88' lang='grc' dir='ltr'>ΒΓ,</span> <span class='ocrx_word' id='word_1_180' title='bbox 695 2224 802 2275; x_wconf 92' lang='grc' dir='ltr'>ΓΕ</span> <span class='ocrx_word' id='word_1_181' title='bbox 837 2241 950 2275; x_wconf 93' lang='lat' dir='ltr'>non</span> <span class='ocrx_word' id='word_1_182' title='bbox 997 2223 1064 2275; x_wconf 90' lang='lat' dir='ltr'>ad</span> <span class='ocrx_word' id='word_1_183' title='bbox 1105 2223 1330 2275; x_wconf 88' lang='lat' dir='ltr'>eandem</span> <span class='ocrx_word' id='word_1_184' title='bbox 1377 2226 1590 2293; x_wconf 86' lang='lat' dir='ltr'>partem</span> <span class='ocrx_word' id='word_1_185' title='bbox 1638 2223 1848 2292; x_wconf 84' lang='lat' dir='ltr'>positae</span> 
     </span>
     <span class='ocr_line' id='line_1_26' title="bbox 142 2310 1849 2381; baseline 0.002 -19"><span class='ocrx_word' id='word_1_186' title='bbox 142 2311 368 2380; x_wconf 84' lang='lat' dir='ltr'>angulos</span> <span class='ocrx_word' id='word_1_187' title='bbox 418 2310 667 2380; x_wconf 82' lang='lat' dir='ltr'>deinceps</span> <span class='ocrx_word' id='word_1_188' title='bbox 723 2312 932 2381; x_wconf 83' lang='lat' dir='ltr'>positos</span> <span class='ocrx_word' id='word_1_189' title='bbox 981 2314 1169 2380; x_wconf 92' lang='grc' dir='ltr'>ΑΓΕ,</span> <span class='ocrx_word' id='word_1_190' title='bbox 1209 2313 1374 2365; x_wconf 90' lang='grc' dir='ltr'>ΑΓΒ</span> <span class='ocrx_word' id='word_1_191' title='bbox 1423 2312 1632 2365; x_wconf 83' lang='lat' dir='ltr'>duobus</span> <span class='ocrx_word' id='word_1_192' title='bbox 1688 2313 1849 2365; x_wconf 78' lang='lat' dir='ltr'>rectis</span> 
     </span>
     <span class='ocr_line' id='line_1_27' title="bbox 142 2399 1850 2471; baseline 0.001 -20"><span class='ocrx_word' id='word_1_193' title='bbox 142 2400 394 2468; x_wconf 83' lang='lat' dir='ltr'>aequales</span> <span class='ocrx_word' id='word_1_194' title='bbox 443 2399 706 2470; x_wconf 81' lang='lat' dir='ltr'>efficiunt3</span> <span class='ocrx_word' id='word_1_195' title='bbox 754 2400 939 2471; x_wconf 88' lang='lat' dir='ltr'>itaque</span> <span class='ocrx_word' id='word_1_196' title='bbox 986 2404 1098 2454; x_wconf 92' lang='grc' dir='ltr'>ΒΓ</span> <span class='ocrx_word' id='word_1_197' title='bbox 1130 2405 1184 2453; x_wconf 83' lang='grc' dir='ltr'>θὴ</span> <span class='ocrx_word' id='word_1_198' title='bbox 1224 2403 1331 2454; x_wconf 93' lang='grc' dir='ltr'>ΓΕ</span> <span class='ocrx_word' id='word_1_199' title='bbox 1366 2402 1424 2454; x_wconf 91' lang='lat' dir='ltr'>in</span> <span class='ocrx_word' id='word_1_200' title='bbox 1463 2401 1651 2454; x_wconf 88' lang='lat' dir='ltr'>eadem</span> <span class='ocrx_word' id='word_1_201' title='bbox 1698 2404 1850 2455; x_wconf 84' lang='lat' dir='ltr'>reeta</span> 
     </span>
     <span class='ocr_line' id='line_1_28' title="bbox 143 2489 525 2558; baseline 0.005 -18"><span class='ocrx_word' id='word_1_202' title='bbox 143 2493 270 2541; x_wconf 83' lang='lat' dir='ltr'>sunt</span> <span class='ocrx_word' id='word_1_203' title='bbox 312 2489 376 2558; x_wconf 90' lang='lat' dir='ltr'>[I,</span> <span class='ocrx_word' id='word_1_204' title='bbox 415 2489 525 2556; x_wconf 91' lang='grc'>14].</span> 
     </span>
    </p>

    <p class='ocr_par' dir='ltr' id='par_1_14' title="bbox 253 2574 1849 2650">
     <span class='ocr_line' id='line_1_29' title="bbox 253 2574 1849 2650; baseline 0.001 -20"><span class='ocrx_word' id='word_1_205' title='bbox 253 2574 402 2648; x_wconf 85' lang='lat' dir='ltr'>Ergo</span> <span class='ocrx_word' id='word_1_206' title='bbox 444 2579 490 2632; x_wconf 88' lang='lat' dir='ltr'>si</span> <span class='ocrx_word' id='word_1_207' title='bbox 530 2579 634 2633; x_wconf 92' lang='lat' dir='ltr'>duo</span> <span class='ocrx_word' id='word_1_208' title='bbox 675 2580 941 2650; x_wconf 78' lang='lat' dir='ltr'>trianguli</span> <span class='ocrx_word' id='word_1_209' title='bbox 981 2580 1085 2633; x_wconf 91' lang='lat' dir='ltr'>duo</span> <span class='ocrx_word' id='word_1_210' title='bbox 1127 2579 1302 2632; x_wconf 81' lang='lat' dir='ltr'>latera</span> <span class='ocrx_word' id='word_1_211' title='bbox 1335 2579 1544 2633; x_wconf 83' lang='lat' dir='ltr'>duobus</span> <span class='ocrx_word' id='word_1_212' title='bbox 1586 2579 1849 2632; x_wconf 80' lang='lat' dir='ltr'>lateribus</span> 
     </span>
    </p>
   </div>
   <div class='ocr_carea' id='block_1_11' title="bbox 150 2727 415 2733">
    <p class='ocr_par' dir='ltr' id='par_1_15' title="bbox 150 2727 415 2733">
     <span class='ocr_line' id='line_1_30' title="bbox 150 2727 415 2733; baseline 0 0"><span class='ocrx_word' id='word_1_213' title='bbox 150 2727 415 2733; x_wconf 95' lang='lat' dir='ltr'> </span> 
     </span>
    </p>
   </div>
   <div class='ocr_carea' id='block_1_12' title="bbox 143 2808 1852 2991">
    <p class='ocr_par' dir='ltr' id='par_1_16' title="bbox 143 2808 1852 2991">
     <span class='ocr_line' id='line_1_31' title="bbox 143 2808 1852 2874; baseline 0.001 -18"><span class='ocrx_word' id='word_1_214' title='bbox 143 2811 204 2866; x_wconf 88' lang='lat' dir='ltr'>P;</span> <span class='ocrx_word' id='word_1_215' title='bbox 247 2808 411 2856; x_wconf 79' lang='lat' dir='ltr'><em>B&#39;&#39;A&#39;P</em></span> <span class='ocrx_word' id='word_1_216' title='bbox 438 2813 496 2867; x_wconf 81' lang='lat' dir='ltr'>F3</span> <span class='ocrx_word' id='word_1_217' title='bbox 539 2816 660 2858; x_wconf 88' lang='grc' dir='ltr'>ΓΑΒ</span> <span class='ocrx_word' id='word_1_218' title='bbox 692 2813 840 2871; x_wconf 86' lang='lat' dir='ltr'>BVp.</span> <span class='ocrx_word' id='word_1_219' title='bbox 963 2815 1124 2873; x_wconf 92' lang='grc' dir='ltr'><em>ΑΓΒ]</em></span> <span class='ocrx_word' id='word_1_220' title='bbox 1167 2817 1305 2859; x_wconf 89' lang='grc' dir='ltr'>ΑΒΓ</span> <span class='ocrx_word' id='word_1_221' title='bbox 1342 2816 1389 2861; x_wconf 82' lang='grc' dir='ltr'>Ρ,</span> <span class='ocrx_word' id='word_1_222' title='bbox 1516 2815 1673 2874; x_wconf 90' lang='grc' dir='ltr'><em>ΓΒΑ]</em></span> <span class='ocrx_word' id='word_1_223' title='bbox 1711 2828 1852 2872; x_wconf 79' lang='lat' dir='ltr'>supra</span> 
     </span>
     <span class='ocr_line' id='line_1_32' title="bbox 149 2870 1851 2932; baseline 0.001 -17"><span class='ocrx_word' id='word_1_224' title='bbox 149 2884 235 2915; x_wconf 84' lang='lat' dir='ltr'>scr.</span> <span class='ocrx_word' id='word_1_225' title='bbox 270 2871 328 2930; x_wconf 72' lang='grc' dir='ltr'>Ες</span> <span class='ocrx_word' id='word_1_226' title='bbox 363 2874 497 2916; x_wconf 89' lang='grc' dir='ltr'><em>ΑΓΒ</em></span> <span class='ocrx_word' id='word_1_227' title='bbox 528 2871 579 2917; x_wconf 89' lang='grc' dir='ltr'>Ρ.</span> <span class='ocrx_word' id='word_1_228' title='bbox 705 2878 773 2918; x_wconf 89' lang='grc'>18.</span> <span class='ocrx_word' id='word_1_229' title='bbox 809 2870 911 2918; x_wconf 76' lang='grc' dir='ltr'>ἀλλ’</span> <span class='ocrx_word' id='word_1_230' title='bbox 947 2871 1077 2918; x_wconf 78' lang='grc' dir='ltr'>αἴ-</span> <span class='ocrx_word' id='word_1_231' title='bbox 1106 2879 1183 2918; x_wconf 84' lang='lat'>19:</span> <span class='ocrx_word' id='word_1_232' title='bbox 1218 2872 1335 2919; x_wconf 78' lang='grc' dir='ltr'><em>εἰσίν</em></span> <span class='ocrx_word' id='word_1_233' title='bbox 1394 2888 1482 2919; x_wconf 89' lang='lat' dir='ltr'>om.</span> <span class='ocrx_word' id='word_1_234' title='bbox 1515 2875 1563 2920; x_wconf 86' lang='lat' dir='ltr'>P.</span> <span class='ocrx_word' id='word_1_235' title='bbox 1689 2874 1851 2932; x_wconf 88' lang='grc' dir='ltr'><em>ΑΒΓ]</em></span> 
     </span>
     <span class='ocr_line' id='line_1_33' title="bbox 147 2930 1851 2991; baseline 0.002 -18"><span class='ocrx_word' id='word_1_236' title='bbox 147 2932 279 2974; x_wconf 88' lang='grc' dir='ltr'><em>ΑΓΒ</em></span> <span class='ocrx_word' id='word_1_237' title='bbox 313 2930 366 2975; x_wconf 91' lang='lat' dir='ltr'>V.</span> <span class='ocrx_word' id='word_1_238' title='bbox 490 2933 648 2991; x_wconf 89' lang='grc' dir='ltr'><em>ΑΓΒ]</em></span> <span class='ocrx_word' id='word_1_239' title='bbox 687 2937 818 2978; x_wconf 88' lang='grc' dir='ltr'><em>ΓΒΑ</em></span> <span class='ocrx_word' id='word_1_240' title='bbox 851 2934 904 2978; x_wconf 93' lang='lat' dir='ltr'>V.</span> <span class='ocrx_word' id='word_1_241' title='bbox 1031 2939 1100 2978; x_wconf 88' lang='lat'>19.</span> <span class='ocrx_word' id='word_1_242' title='bbox 1134 2932 1230 2979; x_wconf 83' lang='grc' dir='ltr'>εἰσί</span> <span class='ocrx_word' id='word_1_243' title='bbox 1258 2934 1294 2977; x_wconf 93' lang='grc' dir='ltr'><em>Β</em></span> <span class='ocrx_word' id='word_1_244' title='bbox 1356 2950 1399 2991; x_wconf 90' lang='lat' dir='ltr'>p.</span> <span class='ocrx_word' id='word_1_245' title='bbox 1523 2939 1595 2978; x_wconf 82' lang='lat'>20.</span> <span class='ocrx_word' id='word_1_246' title='bbox 1630 2932 1851 2979; x_wconf 72' lang='lat' dir='ltr'>slocBV.</span> 
     </span>
    </p>
   </div>
   <div class='ocr_carea' id='block_1_13' title="bbox 235 3010 1550 3058">
    <p class='ocr_par' dir='ltr' id='par_1_17' title="bbox 235 3010 1550 3058">
     <span class='ocr_line' id='line_1_34' title="bbox 235 3010 1550 3058; baseline 0.003 -12"><span class='ocrx_word' id='word_1_247' title='bbox 235 3010 492 3057; x_wconf 76' lang='lat' dir='ltr'>Euclides,</span> <span class='ocrx_word' id='word_1_248' title='bbox 519 3014 601 3048; x_wconf 82' lang='lat' dir='ltr'>edd.</span> <span class='ocrx_word' id='word_1_249' title='bbox 627 3016 799 3058; x_wconf 79' lang='lat' dir='ltr'>Heiberg</span> <span class='ocrx_word' id='word_1_250' title='bbox 824 3020 860 3051; x_wconf 84' lang='lat' dir='ltr'>et</span> <span class='ocrx_word' id='word_1_251' title='bbox 884 3016 1032 3057; x_wconf 80' lang='lat' dir='ltr'>Menge.</span> <span class='ocrx_word' id='word_1_252' title='bbox 1077 3017 1132 3050; x_wconf 88' lang='lat'>11.</span> <span class='ocrx_word' id='word_1_253' title='bbox 1497 3013 1550 3050; x_wconf 77' lang='lat'>12</span> 
     </span>
    </p>
   </div>
  </div>
 </body>
</html>
