1988 3152
39 1110 94 1150 10

38 1560 91 1602 15

37 2110 95 2151 20

131 183 241 235 214
766 186 1101 229 ΣΤΟΙΧΕΙΩΝ
1133 182 1183 240 ζ’.

131 300 202 372 δὴ
260 309 387 358 ἴσον
442 301 503 358 τὸ
559 305 776 373 πλῆθος
829 307 943 374 τῷν
989 310 1134 375 ΑΗ,
1174 310 1286 359 ΗΒ
1333 308 1408 381 τῷ
1464 305 1668 376 πλήθει
1715 308 1828 361 τῶν

129 396 270 460 ΔΘ,
304 396 422 446 ΘΕ.
498 390 592 445 καὶ
633 393 772 462 ἐπεί,
821 385 858 448 3
892 392 1059 463 μέρος
1098 393 1247 449 ἐστὶν
1288 390 1318 448 3
1361 399 1484 449 ΑΗ
1513 398 1614 450 τοῦ
1655 399 1717 465 Γ,
1765 393 1827 449 τὸ

129 475 266 534 αὐτὸ
300 479 467 551 μέρος
490 479 605 534 ἐστὶ
628 480 720 535 καὶ
754 477 784 536 3
819 487 931 536 ΛΘ
960 485 1061 537 τοῦ
1095 487 1157 552 Ζ,
1190 482 1282 536 καὶ
1315 483 1566 553 ἐναλλάξ,
1601 480 1630 538 3
1665 484 1830 555 μέρος

130 566 284 622 ἐστὶν
333 564 362 622 3
411 573 534 622 ΑΗ
576 571 678 624 τοῦ
727 575 838 624 ΔΘ
883 567 918 641 ἢ
974 571 1139 641 μέρη,
1193 571 1256 625 τὸ
1310 568 1445 626 αὐτὸ
1502 572 1667 644 μέρος
1715 572 1829 627 ἐστὶ

129 655 224 709 καὶ
273 651 303 710 3
353 659 408 709 Γ
445 658 546 710 τοῦ
594 662 639 711 Ζ
685 653 720 728 ἢ
773 656 839 712 τὰ
889 655 1029 713 αὐτὰ
1079 659 1232 730 μέρη.
1313 658 1407 714 διὰ
1454 656 1522 713 τὰ
1569 655 1708 714 αὐτοὶ
1758 658 1828 730 δὴ

126 747 244 813 καί,
294 739 324 799 3
375 743 543 816 μέρος
589 745 740 800 ἐστὶν
790 743 820 800 3
862 751 976 801 ΗΒ
1014 750 1116 802 τοῦ
1157 752 1267 801 ΘΕ
1302 742 1335 817 ἢ
1378 746 1541 817 μέρη,
1588 745 1650 802 τὸ
1691 745 1828 803 αὐτὸ

126 833 293 904 μέρος
349 833 465 888 ἐστὶ
518 833 611 888 καὶ
667 831 697 889 3
744 838 798 888 Γ
839 837 940 889 τοῦ
989 840 1034 889 Ζ
1080 831 1114 905 ἢ
1163 832 1228 889 τὰ
1278 831 1419 890 αὐτὰ
1473 836 1635 907 μέρη·
1692 834 1832 891 ὥστε

124 926 224 975 καί
261 918 313 990 [3
355 921 522 992 μέρος
571 921 722 976 ἐστὶν
771 918 801 976 3
842 927 969 977 AH
1002 926 1104 978 τοῦ
1143 927 1256 977 ΛΘ
1301 919 1335 994 ἢ
1383 923 1548 995 μέρη,
1589 921 1651 979 τὸ
1694 921 1830 979 αὐτὸ

127 1011 295 1081 μέρος
342 1009 458 1065 ἐστὶ
506 1009 599 1064 καὶ
647 1007 677 1065 3
724 1015 838 1064 ΗΒ
877 1013 978 1065 τοῦ
1019 1016 1129 1065 ΘΕ
1163 1007 1198 1081 ἢ
1238 1010 1305 1066 τὰ
1349 1009 1489 1066 αὐτὰ
1530 1011 1690 1083 μέρη·
1737 1012 1831 1067 καὶ

126 1094 157 1153 3
199 1097 310 1169 ἄρα
349 1098 517 1171 μέρος
557 1099 707 1154 ἐστὶν
756 1096 785 1154 ὁ
826 1103 952 1154 ΑΗ
982 1102 1086 1154 τοῦ
1127 1105 1239 1155 ΛΘ
1284 1095 1318 1170 ἢ
1368 1098 1534 1171 μέρη,
1581 1099 1644 1156 τὸ
1693 1098 1829 1156 αὐτὸ

125 1187 291 1259 μέρος
331 1188 445 1243 ἐστὶ
485 1187 578 1243 καὶ
618 1185 648 1243 3
692 1194 802 1243 AB
840 1191 944 1244 τοῦ
986 1194 1105 1243 ΔΕ
1138 1184 1173 1259 ἢ
1212 1186 1279 1244 τὰ
1320 1186 1462 1243 αὐτὰ
1503 1187 1664 1260 μέρη·
1705 1187 1827 1244 ἀλλ’

125 1272 155 1331 3
196 1275 363 1347 μέρος
403 1276 555 1332 ἐστὶν
595 1274 624 1332 3
666 1282 795 1332 ΑΗ
824 1280 927 1333 τοῦ
968 1283 1080 1332 ΔΘ
1118 1273 1151 1347 ἢ
1193 1276 1350 1349 μέρη,
1390 1277 1453 1332 τὸ
1485 1274 1622 1333 αὐτὸ
1661 1276 1830 1348 μέρος

125 1365 352 1437 ἐδείχθη
392 1366 484 1421 καὶ
527 1363 557 1421 3
595 1370 648 1421 Γ
679 1369 781 1421 τοῦ
822 1372 867 1421 Ζ
905 1362 939 1436 ἢ
972 1364 1038 1421 τὰ
1072 1364 1214 1422 αὐτὰ
1254 1365 1411 1438 μέρη,
1452 1365 1567 1435 καὶ]
1603 1363 1638 1421 ὁὶ
1675 1364 1828 1438 [ἄρα]

124 1453 262 1526 μέρη
312 1454 464 1510 ἐστὶν
513 1451 543 1510 3
592 1459 702 1509 ΑΒ
750 1457 852 1510 τοῦ
903 1460 1019 1509 ΔΕ
1061 1450 1095 1525 ἢ
1144 1452 1334 1525 μέρος,
1389 1452 1455 1509 τὰ
1504 1452 1645 1510 αὐτὰ
1690 1454 1829 1529 μέρη

125 1542 241 1600 ἐστὶ
271 1544 364 1599 καὶ
397 1541 427 1599 3
461 1547 515 1598 Γ
537 1546 639 1599 τοῦ
674 1549 718 1598 Ζ
751 1539 784 1614 ἢ
818 1541 879 1599 τὸ
914 1541 1052 1599 αὐτὸ
1086 1542 1276 1616 μέρος·
1318 1542 1451 1615 ὅπερ
1485 1546 1597 1599 ἔδει
1638 1546 1829 1611 δεῖξαι.

927 1743 1030 1776 ια.

231 1821 379 1879 Ἐαν
433 1816 469 1896 ᾖ
520 1821 600 1889 ὡς
649 1823 802 1890 ὅλος
848 1821 1008 1897 πρὸς
1057 1822 1243 1895 ὅλον,
1301 1825 1508 1891 οὕτως
1556 1823 1831 1897 ἀφαιρε-

123 1912 273 1978 θεὶς
311 1909 475 1985 πρὸς
514 1908 1005 1985 ἀφαιρεθέντα,
1045 1912 1152 1968 καὶ
1193 1910 1222 1968 3
1257 1911 1490 1978 λοιπὸς
1521 1911 1682 1984 πρὸς
1712 1911 1828 1968 τὸν

124 1999 365 2056 λοιπὸν
406 2004 620 2071 ἔσται,
662 1998 744 2067 ὡς
784 1999 937 2066 ὅλος
974 1999 1139 2073 πρὸς
1179 2001 1351 2057 ὅλον.

223 2088 406 2145 ’Ἑστω
454 2087 528 2155 ὡς
576 2087 706 2156 ὅλος
753 2087 782 2145 3
823 2096 932 2145 AB
980 2088 1118 2161 πρὸς
1158 2087 1295 2145 ὅλον
1334 2088 1435 2146 τὸν
1476 2093 1603 2161 ΓΔ,
1652 2090 1830 2156 οὕτως

127 2175 462 2251 ἀφαιρεθεὶς
501 2175 530 2234 3
572 2184 685 2233 AE
722 2177 864 2251 πρὸς
903 2177 1289 2250 ἀφαιρεθέντα
1326 2178 1428 2234 τὸν
1466 2182 1591 2233 ΓΖ·
1667 2179 1830 2249 λέγω,

127 2265 215 2322 ὅτι
260 2266 354 2321 καὶ
392 2265 588 2332 λοιπὸς
627 2265 656 2323 3
697 2272 802 2322 ΕΒ
841 2265 981 2341 πρὸς
1019 2266 1218 2323 λοιπὸν
1256 2265 1356 2322 τὸν
1399 2271 1508 2321 ΖΔ
1547 2267 1715 2337 ἐστιν,
1757 2263 1832 2332 ὡς

128 2352 259 2421 ὅλος
298 2352 328 2410 3
370 2360 479 2410 AB
520 2353 660 2428 πρὸς
701 2352 838 2410 ὅλον
877 2352 978 2410 τὸν
1017 2359 1137 2410 ΓΔ.

236 2443 392 2499 Ἐπεί
427 2446 577 2499 ἐστιν
618 2440 693 2509 ὡς
733 2440 762 2498 3
804 2449 913 2498 AB
953 2441 1093 2515 πρὸς
1130 2441 1231 2498 τὸν
1270 2446 1389 2511 ΓΔ,
1431 2438 1608 2507 οὕτως
1648 2439 1677 2496 3
1720 2448 1836 2497 AE

251 2611 290 2650 1.
325 2603 382 2650 δ’
356 2605 414 2664 η]
449 2605 502 2650 δέ
534 2621 580 2663 p.
731 2608 846 2660 AH,
887 2605 1008 2663 ΗΒ]
1049 2604 1098 2648 in
1136 2618 1224 2649 ras
1264 2620 1315 2659 φ.
1467 2607 1507 2647 2.
1551 2604 1666 2659 ΛΘ,
1710 2603 1830 2663 ΘΕ]

129 2680 248 2711 eras.
264 2664 315 2709 F.
409 2670 444 2709 3.
474 2665 584 2723 καί]
612 2665 840 2722 (alt.p‚)P
867 2663 982 2708 Bm.
1000 2678 1114 2718 re0.;
1141 2678 1231 2709 om.
1248 2662 1350 2707 FV.
1443 2667 1484 2706 4.
1512 2662 1633 2734 ΛΘ]
1663 2663 1757 2707 ΘΔ
1781 2661 1829 2707 Ρ.

192 2731 233 2770 5.
270 2724 341 2782 Γ]
372 2724 481 2781 post
510 2738 600 2768 ras.
636 2730 659 2768 1
691 2681 868 2768 litt.p13*.
959 2720 1018 2768 τὰ
1051 2719 1203 2781 αυτοὶ]
1239 2736 1328 2767 om.
1361 2735 1408 2791 Ρ,
1500 2719 1583 2765 δια
1613 2719 1672 2765 τὰ
1701 2748 1756 2755 -
1783 2727 1832 2766 7:

132 2783 279 2857 μέρη]
322 2797 412 2828 om.
444 2782 507 2855 V;
550 2778 667 2828 ιὸστε
709 2782 790 2827 καὶ
831 2779 855 2827 3
891 2785 984 2826 ΗΒ
1015 2783 1097 2827 τοῦ
1133 2783 1225 2828 ΘΕ
1256 2777 1307 2825 τὸ
1349 2775 1465 2823 αὐτό
1499 2776 1596 2826 ἔστι
1628 2780 1769 2838 μέρος
1800 2777 1830 2837 ἢ

131 2843 276 2916 μέρη,
307 2837 427 2899 ὅπερ
461 2837 486 2887 3
521 2843 619 2893 ἴσος
657 2843 719 2902 τῷ
763 2845 879 2899 ΗΒ,
920 2841 1160 2887 τουτέστιν
1202 2837 1227 2885 3
1260 2842 1373 2894 AH,
1413 2841 1475 2897 τῷ
1512 2841 1594 2884 ἴσω
1627 2841 1689 2884 τῶ
1724 2842 1831 2909 ΔΘ,

130 2900 372 2947 τουτέστιν
413 2901 476 2962 τῷ
519 2903 611 2946 ΘΕ
649 2917 703 2958 Ρ;
742 2901 869 2945 idem
909 2901 952 2945 V
983 2916 1077 2958 mg.
1110 2916 1172 2947 m.
1207 2905 1228 2944 1
1261 2899 1334 2944 bis
1366 2886 1526 2973 (μέρος
1558 2885 1709 2955 έστίν,
1747 2899 1834 2943 τοῦ

133 2964 226 3005 ΗΒ
266 2947 507 3018 τουτέστι).
662 2966 703 3005 6.
746 2960 869 3018 ΗΒ]
910 2963 1008 3004 ΒΗ
1041 2961 1090 3004 F.
1243 2956 1296 3003 τὸ
1328 2956 1447 3003 αὐτὸ
1482 2957 1642 3018 μέρος]
1675 2934 1747 3003 b'is
1779 2958 1832 3014 P,
