1988 3152
533 34 994 78 ELEMENTORUM
1022 33 1204 74 LIBER
1234 32 1358 74 VIII.
1682 27 1788 82 327

110 158 410 212 strauimuS.
487 172 652 224 quare
692 153 856 206 etiam

344 235 1554 306 A2B=F3:Z3=A3:H3=E3:&)3;

113 334 255 404 quod
289 335 406 386 eraiz
443 330 939 385 demonstrandum.

890 490 1005 544 XX.

221 596 278 651 Si
315 598 455 651 inter
497 598 630 650 duos
668 614 920 649 numeros
954 613 1093 648 unus
1125 593 1331 646 medius
1370 591 1794 661 proportionalis

109 687 477 756 interponitur
517 703 794 754 numerus,
830 684 1040 737 numeri
1077 682 1228 752 plani
1267 680 1471 735 similes
1512 682 1684 733 erunt.

219 776 360 829 Nam
405 776 548 827 inter
589 774 723 826 duos
773 790 1028 825 numeros
1067 775 1134 841 A,
1165 774 1212 823 Β
1252 787 1391 822 unus
1431 768 1638 821 medius
1678 786 1799 837 pro—

108 864 432 933 portionalis
472 863 849 930 inberponassur
885 877 1140 913 numerus
1181 861 1241 912 Γ.
1317 858 1458 925 dieo,
1497 862 1563 923 A,
1595 861 1642 910 Β
1683 874 1797 910 esse

109 953 312 1005 similes
351 969 603 1004 numeros
641 951 849 1019 planos,

222 1044 505 1094 sumantur
553 1044 629 1108 A,
662 1043 715 1092 Ε
756 1039 967 1092 minimi
1013 1037 1224 1090 numeri
1269 1054 1478 1103 eorum,
1530 1035 1621 1104 qui
1675 1052 1799 1087 ean-

117 1131 238 1183 dem
283 1130 553 1183 rationem
604 1129 808 1181 habent
854 1146 915 1181 ao
954 1132 1031 1197 A,
1063 1129 1116 1180 Γ
1150 1124 1292 1197 [VIL
1324 1125 1436 1191 33].
1511 1123 1695 1192 itaque
1743 1127 1800 1175 A

909 1232 1191 1269 numerum
1243 1218 1296 1266 A
1336 1215 1390 1265 et
1429 1216 1481 1265 E
1515 1229 1798 1265 numerum

106 1295 156 1335 ⁴⁴¹¹
643 1293 684 1331 A
695 1303 840 1331 '—¹
911 1307 966 1357 Γ
977 1302 1274 1372 aequaliter
1286 1300 1511 1353 metiizur
1529 1299 1672 1368 [VII,
1690 1300 1801 1366 20].

108 1398 611 1437 3¹—-——-—¹
910 1394 1023 1446 iam
1072 1390 1284 1460 quoties
1331 1393 1387 1441 A
1425 1406 1707 1442 numerum
1749 1392 1802 1441 A

111 1500 164 1542 Fi
434 1512 560 1539 -ι
720 1467 760 1509 Ε
841 1526 843 1552 ,
915 1482 1159 1549 metitur,
1197 1481 1282 1533 tot
1320 1478 1555 1530 unitates
1598 1477 1708 1529 sint
1745 1476 1802 1528 in

109 1603 374 1644 2,-—-.‚
912 1574 972 1622 Z.
1034 1570 1214 1637 itaque
1241 1570 1286 1619 Z
1310 1578 1383 1623 ><
1408 1571 1464 1619 A
1489 1591 1559 1609 =
1585 1570 1637 1618 A
1671 1564 1803 1631 [VII

113 1706 173 1747 H1
444 1716 449 1744 Ι
911 1658 1012 1711 def.
1041 1658 1149 1724 15].
1212 1673 1375 1725 quare
1407 1660 1460 1708 A
1483 1655 1680 1724 planus
1706 1658 1803 1718 est,

909 1747 1085 1799 lassera
1124 1747 1304 1797 autem
1336 1744 1451 1796 eius
1486 1747 1556 1811 A,
1589 1746 1647 1796 Z.
1687 1761 1803 1794 rur-

110 1855 202 1891 sus
236 1835 493 1905 quoniam
527 1839 596 1904 A,
618 1839 672 1887 E
699 1834 910 1887 minimi
943 1837 1068 1886 suni]
1099 1851 1299 1902 eorum,
1339 1832 1431 1900 qui
1462 1831 1689 1884 eandem
1719 1849 1804 1883 ra-

109 1927 316 1979 tionem
355 1924 562 1977 habent
599 1941 661 1976 ac
700 1925 760 1991 Γ,
791 1922 910 1992 Bl),
951 1926 1006 1976 A
1044 1939 1330 1975 numerum
1368 1923 1423 1974 Γ
1455 1923 1509 1972 et
1540 1923 1593 1971 E
1618 1936 1805 1972 nume-

110 2034 230 2068 rum
280 2017 326 2066 Β
376 2012 675 2081 aequaliter
721 2012 945 2064 metitur
986 2010 1136 2079 [VII,
1168 2011 1277 2076 20].
1354 2009 1464 2062 iam
1505 2008 1716 2077 quoties
1755 2010 1808 2059 E

111 2119 396 2156 numerum
444 2104 492 2153 Β
540 2102 786 2170 metitur,
831 2103 916 2154 tot
955 2099 1191 2152 unitates
1232 2099 1341 2151 sint
1378 2097 1435 2150 in
1476 2099 1546 2150 H.
1622 2096 1804 2166 itaque

113 2195 167 2245 E
201 2208 485 2243 numerum
526 2194 573 2243 B
614 2190 835 2243 metitur
874 2188 1170 2243 secundum
1208 2187 1447 2240 unissabes
1485 2185 1698 2238 numeri
1733 2187 1806 2239 H.

112 2280 296 2349 itaque
342 2282 407 2331 H
423 2291 494 2334 ><
522 2282 574 2332 E
596 2303 666 2321 =
691 2281 738 2331 Β
788 2277 927 2345 [VII
961 2277 1063 2331 def.
1101 2276 1215 2344 15].
1292 2275 1476 2343 itaque
1515 2277 1562 2326 Β
1609 2274 1803 2342 planus

233 2440 858 2496 1),NamA:F=1⁷:B.

113 2634 280 2690 ποίηκε
320 2631 424 2687 Vq).
508 2629 613 2687 Seq.
651 2630 702 2674 in
733 2630 842 2686 ch:
890 2625 975 2672 τὸν
1022 2626 1074 2672 δὲ
1117 2629 1159 2672 Ε
1197 2622 1607 2677 πολλαπλασιάσας
1646 2622 1727 2670 τὸν
1771 2627 1813 2668 Γ

114 2693 400 2747 πεποίηκενς
440 2689 568 2735 idem
601 2689 638 2732 B
670 2704 731 2733 m.
766 2694 806 2733 2.
902 2692 972 2731 17.
1008 2682 1104 2731 ἐστι
1134 2686 1238 2742 ch.
1340 2691 1408 2731 18.
1444 2684 1561 2730 εἰσιν
1594 2684 1640 2732 Ρ.
1739 2689 1805 2728 19.

118 2753 178 2807 Γ,
210 2750 275 2809 Β]
310 2754 370 2805 Β,
403 2752 446 2793 Γ
476 2765 527 2805 φ.
680 2753 750 2792 20.
791 2744 879 2805 δή]
922 2744 978 2791 δέ
1009 2745 1069 2801 Ρ,
1113 2747 1161 2791 et
1189 2745 1228 2789 B
1260 2748 1394 2804 (corr.
1428 2760 1489 2789 m.
1524 2747 1583 2802 1).
1737 2747 1806 2789 21.

118 2808 345 2867 latonam]
379 2807 452 2852 bis
488 2824 548 2865 φ,
581 2807 663 2851 sed
695 2821 810 2852 corr.
933 2801 959 2851 ὃ
995 2805 1063 2863 Ε]
1100 2818 1125 2849 e
1157 2819 1274 2851 corr.
1305 2804 1363 2862 V,
1395 2803 1475 2849 καὶ
1508 2800 1533 2848 ὅ
1569 2805 1609 2848 Ε
1640 2801 1691 2849 Ρ.
