1988 3152
279 121 387 174 154
916 121 1251 164 ΣΤΟΙΧΕῙΩΝ
1283 122 1314 165 ς
1331 118 1348 165 ’.

388 237 858 311 Παραβεβλήσθω
910 236 1018 311 γὰρ
1066 237 1215 310 παρὰ
1263 239 1366 310 μὲν
1411 239 1514 310 τὴν
1562 246 1673 296 ΒΓ
1703 244 1778 316 τῷ
1814 246 1983 297 ΑΒΓ

275 350 529 436 τριγωνῳ
587 334 714 382 ἴσον
769 326 1353 399 παραλληλόγραμμον
1406 326 1468 384 τὸ
1525 334 1655 400 ΒΕ,
1711 329 1860 401 παρὰ
1916 330 1977 385 δε

277 417 380 488 τὴν
427 421 535 472 ΓΕ
578 419 653 491 τῷ
702 422 757 471 Δ
807 407 932 471 ἴσον
985 415 1569 488 παραλληλόγραμμον
1623 416 1685 473 τὸ
1742 423 1871 474 ΓΜ
1917 421 1976 475 ἐν

276 509 455 579 γωνίᾳ
492 508 559 578 τῇ
599 502 709 560 ὑπὸ
752 508 937 575 ΖΓΕ,
976 502 1013 575 ἥ
1054 506 1204 560 ἐστιν
1253 511 1344 576 ἴση
1385 508 1450 578 τῇ
1491 503 1600 560 ὑπὸ
1642 510 1817 561 ΓΒΛ.
1891 504 1972 563 ἐπ’

218 607 244 647 5
279 592 504 659 εὐθείας
550 591 660 666 ἄρα
708 593 858 649 ἐστὶν
904 590 954 664 ἡ·
990 592 1094 664 μὲν
1143 598 1254 648 ΒΓ
1291 597 1355 666 τῇ
1405 598 1532 663 ΓΖ,
1581 592 1614 665 ἡ
1665 594 1727 650 δε
1767 601 1878 650 ΛΕ
1912 599 1977 669 τῇ

277 689 416 738 ΕΜ
492 683 590 738 καὶ
646 681 903 754 εἰλήφθω
959 684 1074 737 τῶν
1122 671 1242 752 ΒΓ,
1276 687 1377 737 ΓΖ
1423 683 1560 753 μέση
1609 681 1979 755 ἀνάλογονθὴ

276 777 415 842 ΗΘ,
454 771 548 826 καὶ
588 768 1009 842 ἀναγεγράφθω
1051 767 1160 825 ἀπὸ
1202 772 1300 841 τῆς
1331 775 1444 825 ΗΘ
1474 773 1550 845 τῷ
1585 777 1756 827 ΑΒΓ
1781 772 1979 843 ὅμοιόν

277 881 334 916 τε
373 859 466 915 καὶ
507 857 714 931 ὁμοίως
751 863 1012 930 κείμενον
1051 857 1112 914 τὸ
1156 863 1346 915 ΚΗΘ.

389 948 503 1004 Καὶ
551 950 672 1004 ἐπεί
713 951 861 1003 ἔστιν
909 944 984 1012 ὡς
1030 944 1065 1017 ἡ
1115 951 1224 1002 ΒΓ
1263 946 1401 1018 πρὸς
1453 947 1556 1019 τὴν
1603 953 1743 1019 ΗΘ,
1801 951 1979 1017 οὕτως

191 1057 247 1098 10
279 1035 312 1107 ἡ
354 1042 469 1092 ΗΘ
507 1034 645 1109 πρὸς
683 1034 785 1108 τὴν
826 1040 953 1106 ΓΖ,
1004 1032 1103 1091 ἐὰν
1144 1034 1207 1090 δὲ
1245 1047 1392 1106 τρεῖς
1432 1033 1653 1092 εὐθεῖαι
1692 1035 1978 1110 ἀνάλογον

277 1119 443 1197 ὦσιν,
485 1129 636 1181 ἔστιν
677 1122 752 1191 ὥς
789 1122 824 1195 ἡ
867 1122 1055 1199 πρώτη
1097 1123 1237 1195 πρὸς
1275 1125 1378 1195 τὴν
1402 1129 1646 1196 ,τρίτην,
1702 1126 1878 1192 οὕτως
1917 1126 1980 1183 τὸ

278 1213 388 1271 ἀπὸ
436 1219 534 1286 τῆς
581 1213 802 1287 πρώτης
849 1210 999 1278 εἶδος
1049 1211 1190 1282 πρὸς
1227 1212 1289 1268 τὸ
1332 1211 1440 1269 ἀπὸ
1481 1216 1578 1285 τῆς
1619 1216 1878 1285 δευτέρας
1915 1216 1978 1272 τὸ

278 1302 478 1375 ὅμοιον
525 1304 618 1359 καὶ
667 1300 874 1374 ὁμοίως
922 1299 1424 1372 ἀναγραφόμενον,
1474 1306 1627 1358 ἔστιν
1675 1301 1787 1372 ἄρα
1835 1304 1909 1370 ὡς
1947 1307 1982 1376 ἡ

276 1397 386 1448 ΒΓ
424 1411 565 1464 προς
609 1390 712 1462 τὴν
761 1395 887 1460 ΓΖ,
945 1389 1122 1455 οὕτως
1184 1388 1245 1445 τὸ
1297 1395 1469 1446 ΑΒΓ
1516 1396 1795 1461 τρίγωνον
1848 1392 1988 1464 πρὸς

191 1501 246 1543 15
277 1479 340 1536 τὸ
390 1485 568 1536 ΚΗΘ
612 1484 908 1552 τρίγωνον.
993 1476 1132 1533 ἄλλα
1187 1479 1280 1533 καὶ
1337 1477 1410 1545 ὡς
1462 1477 1496 1550 ἡ
1546 1485 1655 1535 ΒΓ
1695 1480 1832 1553 πρὸς
1879 1480 1980 1553 τὴν

278 1574 405 1640 ΓΖ,
456 1565 633 1634 οὕτως
679 1566 741 1623 τὸ
791 1572 899 1622 ΒΕ
944 1566 1528 1640 παραλληλόγραμμον
1575 1567 1716 1640 πρὸς
1768 1569 1830 1625 τὸ
1879 1576 1984 1626 ΕΖ

282 1656 883 1731 παραλληλόγραμμον.
964 1656 1057 1711 καὶ
1113 1653 1185 1722 ὡς
1231 1654 1340 1729 ἄρα
1386 1655 1448 1712 τὸ
1492 1662 1667 1712 ΑΒΓ
1708 1662 1987 1729 τρίγωνον

280 1745 420 1819 πρὸς
466 1744 529 1802 τὸ
578 1750 757 1801 ΚΗΘ
803 1748 1109 1816 τρίγωνον,
1159 1745 1338 1811 οὕτως
1383 1743 1446 1801 τὸ
1487 1750 1596 1800 ΒΕ
1639 1747 1984 1819 παραλληλό-

279 1857 541 1909 γραμμον
604 1836 745 1907 πρὸς
806 1833 868 1889 τὸ
925 1839 1029 1888 ΕΖ
1083 1834 1687 1907 παραλληλόγραμμον·
1751 1836 1986 1904 ἐναλλὰξ

187 1946 248 1987 20
280 1923 391 1996 ἄρα
438 1921 512 1990 ὥς
557 1922 618 1979 τὸ
664 1927 839 1978 ΑΒΓ
878 1926 1155 1994 τρίγωνον
1202 1921 1342 1995 πρὸς
1388 1922 1440 1979 τὲ
1493 1929 1602 1979 ΒΕ
1636 1924 1987 1997 παραλληλό-

278 2034 563 2085 γραμμον,
628 2012 804 2077 οὕτως
864 2009 927 2067 τὸ
992 2016 1171 2067 ΚΗΘ
1230 2015 1507 2084 τρίγωνον
1563 2012 1705 2085 πρὸς
1759 2012 1820 2069 τὸ
1879 2018 1985 2069 ΕΖ

279 2100 878 2174 παραλληλόγραμμον.
966 2106 1093 2156 ἴσον
1142 2100 1204 2156 δὲ
1251 2099 1314 2156 τὸ
1362 2106 1533 2156 ΑΒΓ
1575 2105 1853 2174 τρίγωνον
1907 2102 1985 2179 τῷ

279 2196 390 2245 ΒΕ
431 2187 1014 2264 παραλληλογράμμῳ·
1072 2195 1198 2245 ἴσον
1246 2187 1357 2260 ἄρα
1402 2189 1494 2245 καὶ
1540 2188 1602 2245 τὸ
1651 2195 1826 2246 ΚΗΘ
1870 2193 1984 2264 τρί-

278 2300 467 2350 γωνον
506 2281 581 2354 τῷ
623 2283 727 2332 ΕΖ
767 2276 1344 2353 παραλληλογράμμῳ.
1422 2276 1562 2334 ἄλλα
1603 2278 1663 2335 τὸ
1708 2285 1810 2334 ΕΖ
1850 2298 1982 2353 παρ-

189 2386 249 2428 25
281 2365 749 2438 αλληλόγραμμον
797 2369 873 2443 τῷ
915 2373 970 2422 Δ
1017 2368 1166 2423 ἐστιν
1216 2372 1365 2422 ἴσον·
1412 2367 1503 2421 καὶ
1551 2365 1614 2423 τὸ
1655 2372 1834 2423 ΚΗΘ
1871 2365 1988 2437 ἄρα

279 2459 355 2532 τῷ
412 2461 468 2511 Δ
522 2456 672 2510 ἐστιν
720 2462 860 2510 ἴσον.
921 2458 1061 2510 -ἔστι
1114 2454 1176 2510 δὲ
1224 2452 1285 2510 τὸ
1335 2460 1512 2510 ΚΗΘ
1558 2455 1650 2510 καὶ
1698 2459 1772 2532 τῷ
1818 2447 1988 2518 ABR

282 2545 496 2617 ὅμοιον.

398 2635 486 2710 Τῷ
543 2630 654 2706 ἄρα
709 2633 940 2689 δοθέντι
996 2630 1379 2707 εὐθυγράμμω
1434 2635 1509 2706 τῷ
1562 2637 1735 2689 ΑΒΓ
1783 2629 1988 2704 ὅμοιον

403 2787 441 2825 1.
474 2783 537 2841 τῷ
572 2781 732 2838 ΑΒΓ]
768 2794 908 2838 supra
940 2780 989 2824 F.
1143 2779 1380 2838 4.ΓΒΛ]
1424 2782 1621 2836 ΓΒΑφ

283 2842 390 2898 Ρφ,
421 2827 548 2884 Vm.
586 2844 631 2893 13
667 2842 750 2883 ΓΒ
784 2840 880 2897 Bp,
916 2838 1041 2882 Vm.
1077 2843 1117 2882 2.
1271 2843 1311 2883 6.
1344 2838 1424 2882 καὶ
1464 2797 1704 2898 εἰλήφφθω]
1746 2778 1978 2910 περιεΒιλ

289 2903 401 2957 φθω
448 2915 483 2955 φ
532 2901 642 2957 post
680 2913 767 2943 ras.
923 2903 962 2943 7.
998 2898 1124 2956 ΗΘ]
1166 2897 1328 2955 (prius)
1374 2910 1486 2942 eras.
1521 2897 1570 2943 F.
1722 2899 1811 2958 τῷ]
1846 2895 1898 2943 τό
1927 2855 1978 2944 F.
