1988 3152
499 8 960 50 ELEMENTORUM
989 7 1171 49 LIBER
1200 7 1279 49 IX.
1638 3 1748 57 393

810 155 985 208 ΧΧΠ.

162 242 218 297 Si
255 244 527 314 quotlibet
557 244 768 297 numeri
800 245 1038 314 impares
1071 245 1487 313 componuntur,
1519 245 1574 296 et
1611 244 1748 296 mul-

52 333 230 387 titudo
272 350 460 387 eorum
497 351 600 402 par
639 336 736 401 est,
774 335 922 386 totus
963 351 1064 401 par
1104 333 1219 386 erit.

0 420 7 500 ζ
159 419 574 491 Componantur
621 421 764 475 enim
813 422 1082 491 quotlibet
1128 422 1338 475 numeri
1378 423 1611 491 impares
1650 440 1746 475 nu-

0 503 5 567 ἷ
46 529 195 565 mero
242 528 399 579 pares
448 514 574 580 ΑΒ,
613 513 733 580 ΒΓ,
767 513 892 580 ΓΔ,
926 514 1051 563 ΔΕ.
1116 511 1258 580 dioc,
1298 513 1476 564 totum
1509 514 1623 564 AE
1658 529 1749 580 pa·

0 617 3 628 ·
44 618 159 653 rem
199 617 330 652 esse.

0 689 11 777 }
404 705 441 744 A
622 703 658 743 Β
813 702 857 743 Γ
1034 704 1076 743 Λ
1318 703 1359 743 Ε

404 774 410 803 ί
637 773 827 803 Ρ--Ι
1055 774 1060 804 Ι
1329 775 1337 805 ³

0 936 2 939 v
157 884 286 918 nam
334 866 589 935 quoniam
639 864 841 935 singuli
886 865 1098 917 numeri
1136 868 1245 917 AB
1255 907 1270 934 ,
1309 866 1429 934 ΒΓ,
1469 867 1594 935 ΓΔ,
1633 869 1753 918 ΔἘ

0 1014 3 1022 Ι
52 955 287 1024 impares
329 957 477 1024 sunt,
524 954 733 1007 unitate
774 973 806 1006 a
846 954 1076 1023 singulis
1118 954 1419 1022 subtracta,
1459 954 1550 1024 qui
1590 955 1750 1007 relin-

0 1090 8 1110 ÷
50 1046 302 1112 quuntur,
343 1043 546 1114 singuli
583 1061 741 1111 pares
783 1045 940 1095 erunt
973 1041 1103 1109 [VII
1127 1042 1229 1095 def.
1258 1044 1326 1109 7].
1384 1060 1549 1112 quare
1582 1044 1749 1096 etiam

0 1122 4 1126 ⁵
46 1150 301 1186 nume-rus
343 1151 409 1186 ex
446 1132 513 1185 iis
553 1132 886 1201 compositus
925 1151 1025 1201 par
1065 1132 1169 1185 erit
1211 1133 1385 1201 [prop.
1411 1131 1586 1198 XXI].
1655 1150 1747 1185 ue-

0 1239 2 1258 *
45 1240 165 1274 rum
213 1221 377 1273 etiam
422 1220 716 1273 multitudo
765 1220 1040 1273 unitatum
1085 1238 1185 1289 par
1239 1223 1335 1273 est.
1414 1237 1542 1291 ergo
1585 1221 1749 1273 etiam

0 1379 5 1386 ‚
49 1313 197 1363 totus
237 1312 352 1361 ΑΕ
387 1328 486 1378 par
526 1312 608 1362 est
650 1309 793 1378 [id.];
835 1309 980 1379 quod
1020 1311 1137 1361 erat
1178 1309 1673 1363 demonstrandum.

795 1471 1001 1525 XXIII.

163 1559 222 1614 Si
255 1560 527 1631 quotlibet
557 1561 770 1613 numeri
801 1560 1037 1630 impares
1072 1563 1485 1630 componuntur,
1526 1564 1580 1614 et
1610 1562 1749 1615 mul-

50 1651 230 1704 titudo
271 1669 458 1704 eorum
496 1650 672 1718 impar
711 1652 808 1718 est,
848 1649 1012 1702 etiam
1053 1651 1203 1703 totus
1243 1650 1423 1719 impar
1463 1650 1581 1704 erit.

158 1738 571 1809 Componantur
602 1738 744 1790 enim
778 1738 1049 1807 quotlibet
1080 1738 1292 1790 numeri
1326 1739 1576 1809 impareS‚
1618 1757 1750 1809 quo-

44 1847 164 1882 rum
206 1828 495 1882 multitudo
537 1828 713 1896 impar
753 1828 839 1894 sit,
877 1830 1003 1897 AB,
1043 1830 1163 1898 ΒΓ,
1202 1830 1320 1880 ΓΔ.
1400 1827 1543 1898 dico,
1585 1829 1748 1882 etiam

45 1920 223 1971 totum
262 1921 381 1970 AA
419 1917 685 1986 imparem
726 1935 855 1969 esse.

582 2061 924 2152 ἈΒΓ
1102 2063 1209 2151 ἑὲ,

769 2061 887 2092 l—-l

167 2228 520 2281 subtrahatur
568 2247 600 2281 a
639 2231 744 2282 ΓΔ
789 2229 973 2282 unitas
1014 2233 1070 2281 Δ
1080 2233 1142 2282 Ε.
1218 2229 1401 2298 itaque
1449 2229 1542 2298 qui
1587 2230 1751 2283 relin-

48 2318 244 2387 quitur,
282 2320 392 2370 ΓΕ
441 2337 542 2389 par
593 2321 676 2371 est
728 2317 859 2385 [VII
901 2317 1001 2371 def.
1044 2319 1118 2385 7].
1195 2335 1383 2371 uerum
1440 2317 1603 2371 etiam
1649 2320 1751 2371 ΓΑ

46 2424 146 2475 par
186 2409 284 2483 est!
310 2408 484 2477 [prop.
517 2406 715 2474 XXII}
787 2424 951 2476 quare
992 2406 1155 2459 etiam
1195 2409 1344 2460 totus
1377 2409 1491 2459 AE
1525 2425 1627 2475 par
1666 2410 1749 2459 est

47 2496 225 2564 [prop.
256 2493 429 2562 XXI}
492 2499 546 2549 et
580 2500 697 2549 AE
733 2496 918 2549 unitas
960 2498 1058 2549 est.
1126 2512 1256 2565 ergo
1291 2499 1343 2547 Α
1356 2498 1410 2547 Λ
1449 2495 1627 2564 impar
1668 2497 1751 2547 est

51 2583 182 2651 [VII
223 2583 325 2637 def.
368 2585 445 2655 7];
486 2586 629 2655 quod
671 2587 788 2638 erat
826 2584 1322 2639 demonstrandum.

49 2743 199 2802 qomp.
232 2729 291 2785 F;
325 2727 423 2776 ἐστι
453 2731 551 2803 Vg.
666 2728 793 2789 ἐστι]
827 2746 922 2787 seq.
956 2745 1045 2775 ras,
1083 2736 1105 2774 1
1138 2730 1230 2776 litt.
1264 2731 1321 2788 V,
1355 2727 1480 2775 ἔστιν
1512 2731 1563 2774 Β.
1677 2735 1746 2775 24.

47 2790 170 2849 αρα]
204 2804 294 2836 om.
329 2805 372 2847 q.
497 2806 616 2847 οπερ
651 2789 750 2835 ἔδει
781 2790 967 2849 δεῖξαι]
1000 2804 1089 2836 om.
1122 2789 1260 2846 BFq.
