1988 3152
522 67 982 109 ELEMENTORUM
1011 68 1194 109 LIBER
1224 68 1326 111 vn.
1669 66 1775 119 207

189 206 319 240 nam
358 205 495 256 quae
541 204 669 256 pars
719 189 803 238 est
843 189 959 238 AE
1000 187 1210 239 numeri
1251 188 1373 257 FZ,
1421 187 1606 240 eadem
1647 206 1774 257 pars

76 276 148 328 sit
186 278 292 327 ΕΒ
331 275 545 328 numeri
584 277 711 327 ΓΗ.
792 278 846 327 et
886 275 1143 343 quoniam
1184 294 1320 344 quae
1369 295 1498 345 pars
1539 278 1623 328 est
1660 279 1777 327 AE

74 364 287 416 numeri
327 366 450 433 ΓΖ,
498 363 684 416 eadem
726 381 852 431 pars
894 364 976 414 est
1014 365 1120 414 ΕΒ
1166 365 1377 416 numeri
1426 366 1557 433 ΓΗ,
1607 364 1772 416 etiam

73 511 110 550 A
203 513 243 552 E
395 513 430 552 B
1148 455 1257 504 AB
1296 453 1508 505 numeri
1539 456 1652 505 HZ
1686 471 1771 506 ea-

402 568 406 596 1
1149 541 1269 594 dem
1310 560 1435 610 pars
1477 544 1580 609 est,
1633 560 1769 612 quae

76 635 126 675 H
424 630 467 670 Γ
655 630 690 670 Ζ
1058 631 1100 670 A
1199 634 1254 682 A
1266 634 1318 683 E
1360 631 1570 683 numeri
1611 633 1712 683 ΓΖ

95 691 100 719 ¹
665 687 668 715 Ι
1072 687 1077 715 ¹
1147 722 1324 789 [prop.
1355 718 1445 785 V].
1509 738 1773 787 supposu-

68 811 210 862 imus
237 814 435 877 autem,
473 810 578 860 AB
602 808 813 860 numeri
846 809 949 860 ΓΛ
975 808 1199 860 eandem
1231 811 1444 877 parssem
1468 826 1601 876 esse,
1634 826 1771 878 quae

68 899 141 952 sit
171 902 286 951 AE
313 897 523 951 numeri
557 898 672 949 ΓΖ.
749 897 930 965 itaque
963 914 1098 965 quae
1137 915 1263 965 pars
1297 899 1380 948 est
1414 898 1523 949 AB
1559 898 1772 950 numeri

68 990 134 1039 H
137 990 196 1055 Z,
215 985 401 1038 eadem
418 985 562 1038 idem
579 1003 708 1054 pars
727 990 811 1038 est
825 986 1037 1038 numeri
1055 987 1172 1038 ΓΔ.
1226 986 1411 1055 itaque
1430 988 1494 1037 H
1499 989 1543 1037 Z
1562 1011 1631 1028 =
1651 987 1769 1040 ΓΔ.

71 1075 442 1142 subtrahatur,
469 1074 562 1143 qui
587 1075 886 1128 communis
913 1078 1010 1143 est,
1036 1077 1153 1128 ΓΖ.
1205 1075 1390 1143 iraque
1414 1077 1538 1126 ΗΓ
1556 1100 1624 1117 =
1644 1078 1770 1127 ZA.

67 1168 122 1218 et
146 1164 404 1234 quoniam
430 1182 566 1232 quae
590 1183 716 1232 pars
741 1167 825 1216 est
846 1168 900 1216 A
908 1167 962 1216 E
983 1165 1191 1216 numeri
1218 1165 1332 1232 ΓΖ,
1359 1163 1544 1216 eadem
1562 1166 1646 1216 est
1663 1166 1767 1215 ΕΒ

370 688 437 717 —l

64 1254 274 1307 numeri
306 1255 433 1322 ΗΓ,
474 1257 529 1306 et
558 1256 625 1305 H
630 1255 770 1305 F=
797 1256 930 1322 ZA,
970 1271 1105 1322 quae
1137 1271 1263 1322 pars
1299 1255 1381 1305 est
1412 1256 1527 1305 AE
1557 1253 1769 1306 numeri
1859 1285 1869 1295 -

67 1346 184 1413 ΓΖ,
214 1343 404 1396 eadem
445 1346 527 1396 est
558 1345 663 1395 ΕΒ
694 1342 908 1395 numeri
940 1345 1065 1395 ZA.
1135 1360 1325 1395 uerum
1358 1359 1493 1410 quae
1525 1361 1653 1411 pars
1687 1345 1770 1395 esf.

64 1436 180 1485 AE
228 1431 438 1485 numeri
487 1433 610 1500 ΓΖ,
658 1431 846 1483 eadem
895 1433 979 1483 θεὴ
1026 1433 1135 1483 ΑΒ
1182 1431 1396 1483 numeri
1436 1432 1554 1484 ΓΔ.
1634 1448 1763 1501 ergo

65 1521 229 1574 ebiam
268 1521 508 1589 reliquus
549 1523 653 1572 ΕΒ
692 1520 885 1589 reliqui
926 1523 1038 1572 ZA
1077 1520 1263 1573 eadem
1309 1539 1436 1589 pars
1477 1523 1580 1588 est,
1629 1538 1766 1589 quae

62 1614 211 1664 totus
251 1613 362 1663 AB
402 1609 571 1662 totius
612 1611 738 1677 PA3
780 1609 922 1677 quod
964 1612 1081 1662 erat
1121 1609 1615 1663 demonstrandum.

838 1770 988 1823 VIII.

173 1874 230 1928 Si
261 1894 518 1929 numerus
549 1876 760 1929 numeri
799 1879 984 1945 parhes
1018 1879 1144 1928 sunt
1177 1854 1410 1946 eaedem,
1450 1894 1585 1944 quae
1619 1876 1765 1929 abla-

62 1968 150 2017 tus
204 1983 461 2018 numerus
519 1965 712 2034 ablati,
774 1964 938 2016 etiam
992 1964 1232 2033 reliquus
1294 1965 1490 2034 reliqui
1545 1965 1762 2017 eaedem

63 2057 248 2123 partes
288 2058 467 2122 erunt,
509 2072 644 2124 quae
683 2056 834 2106 totus
872 2053 1058 2106 tolaiuS.

172 2141 317 2195 Nam
349 2161 603 2196 numerus
637 2145 745 2195 AB
776 2143 986 2195 numeri
1021 2143 1125 2194 ΓΔ
1158 2142 1378 2195 eaedem
1417 2145 1602 2211 partes
1636 2143 1762 2213 sint,

60 2250 197 2301 quae
245 2232 463 2285 ablatus
510 2234 625 2284 AE
674 2231 842 2284 ablati
891 2233 1007 2283 ΓΖ.
1089 2231 1230 2300 dico,
1278 2231 1443 2284 etiam
1490 2232 1758 2301 reliquum

61 2433 178 2481 αλλὰ
213 2434 270 2495 ὅ]
303 2437 354 2481 in
384 2451 474 2481 ras.
506 2452 566 2481 m.
602 2442 628 2482 2
660 2438 719 2491 F;
754 2432 778 2482 ὃ
813 2454 909 2492 apoc
938 2439 1048 2505 post
1079 2451 1168 2482 ras.
1202 2437 1309 2494 plus
1340 2451 1481 2494 quam
1505 2442 1531 2482 2
1563 2437 1678 2482 linn.
1705 2438 1760 2482 V.

57 2497 175 2555 ΑΕ]
210 2499 297 2540 ΕΒ
321 2496 392 2551 V;
426 2510 451 2541 e
483 2511 599 2541 corr.
632 2497 683 2542 F.
808 2497 919 2555 ΓΖ]
955 2497 1005 2541 in
1034 2510 1124 2541 ras.
1157 2497 1215 2551 F;
1249 2500 1335 2541 ZA
1368 2496 1422 2541 V.
1549 2501 1616 2541 15.
1650 2496 1762 2541 Post

65 2558 146 2600 ΓΔ
190 2556 295 2601 add.
335 2555 435 2628 Bp:
478 2551 503 2600 ὃ
537 2572 632 2612 αρα
665 2554 804 2614 μέρος
836 2551 1013 2600 ἐστὶν
994 2573 1018 2600 ο
1054 2558 1140 2599 ΕΒ
1172 2557 1256 2600 τοῦ
1292 2554 1491 2614 ΖΔ,τό
1526 2552 1643 2601 αὐτὸ
1679 2555 1759 2627 με’-

57 2631 136 2667 ρος
172 2611 267 2659 ἐστὶ
299 2614 382 2659 καὶ
414 2611 439 2659 ὁ
472 2618 555 2659 ΑΒ
587 2616 671 2659 τοῦ
708 2615 971 2669 FA31dem
1003 2615 1039 2658 P
1063 2630 1157 2687 mg.
1183 2631 1244 2661 m.
1269 2629 1361 2661 rec.
1484 2615 1566 2660 καὶ
1596 2611 1761 2665 λοιπὸς

59 2669 184 2732 ἄρα]
226 2676 312 2718 καί
348 2675 502 2718 mutass
538 2674 587 2718 in
628 2669 654 2718 ὅ
688 2677 735 2719 et
772 2674 822 2717 in
853 2689 947 2731 mg.
982 2674 1087 2718 add.
1121 2672 1214 2731 ἄρα
1247 2674 1387 2732 μέρος
1419 2671 1544 2720 ἐστίν
1576 2675 1612 2718 F
1638 2690 1698 2718 m.
1732 2680 1757 2718 2

59 2731 238 2790 (λοιπὸς
269 2730 363 2787 ἄρα
409 2734 459 2777 in
503 2733 606 2780 init.
646 2733 728 2778 lin.
770 2748 866 2789 seq.
909 2735 956 2789 (a.
995 2749 1054 2778 m.
1091 2735 1135 2790 1)
1173 2735 1405 2780 intacitum
1443 2734 1758 2790 relinquitur).

118 2797 187 2838 16.
221 2789 403 2837 ἐστίν.
529 2797 596 2837 17.
634 2793 743 2851 ΓΔ]
788 2795 879 2836 ΒΓ
912 2794 961 2837 F.
1086 2799 1155 2838 21.
1191 2790 1245 2852 ὁ]
1290 2808 1378 2839 om.
1412 2795 1510 2851 Pp3
1553 2809 1614 2839 m.
1648 2798 1674 2837 2
1706 2793 1757 2837 F.

117 2855 187 2896 22.
223 2852 335 2910 ΓΔ]
371 2854 415 2895 Γ
441 2851 547 2897 add.
581 2867 640 2896 m.
674 2866 763 2897 ree.
798 2852 846 2897 P.
