<?xml version="1.0" encoding="UTF-8"?>
<!DOCTYPE html PUBLIC "-//W3C//DTD XHTML 1.0 Transitional//EN"
    "http://www.w3.org/TR/xhtml1/DTD/xhtml1-transitional.dtd">
<html xmlns="http://www.w3.org/1999/xhtml" xml:lang="en" lang="en">
 <head>
  <title>
</title>
<meta http-equiv="Content-Type" content="text/html;charset=utf-8" />
  <meta name='ocr-system' content='tesseract 3.04.00' />
  <meta name='ocr-capabilities' content='ocr_page ocr_carea ocr_par ocr_line ocrx_word'/>
</head>
<body>
  <div class='ocr_page' id='page_1' title='image "./euclidisoperaomn02eucluoft_0012.png"; bbox 0 0 1988 3152; ppageno 0'>
   <div class='ocr_carea' id='block_1_1' title="bbox 148 75 261 122">
    <p class='ocr_par' dir='ltr' id='par_1_1' title="bbox 148 75 261 122">
     <span class='ocr_line' id='line_1_1' title="bbox 148 75 261 122; baseline 0 0"><span class='ocrx_word' id='word_1_1' title='bbox 148 75 261 122; x_wconf 85' lang='lat' dir='ltr'><strong>VIII</strong></span> 
     </span>
    </p>
   </div>
   <div class='ocr_carea' id='block_1_2' title="bbox 826 70 1177 114">
    <p class='ocr_par' dir='ltr' id='par_1_2' title="bbox 826 70 1177 114">
     <span class='ocr_line' id='line_1_2' title="bbox 826 70 1177 114; baseline -0.003 0"><span class='ocrx_word' id='word_1_2' title='bbox 826 70 1177 114; x_wconf 76' lang='lat' dir='ltr'>PRAEFATIO.</span> 
     </span>
    </p>
   </div>
   <div class='ocr_carea' id='block_1_3' title="bbox 534 189 1675 480">
    <p class='ocr_par' dir='ltr' id='par_1_3' title="bbox 534 189 1660 480">
     <span class='ocr_line' id='line_1_3' title="bbox 534 189 1372 261; baseline -0.006 -13"><span class='ocrx_word' id='word_1_3' title='bbox 534 217 581 261; x_wconf 87' lang='lat' dir='ltr'><strong>p.</strong></span> <span class='ocrx_word' id='word_1_4' title='bbox 623 200 744 259; x_wconf 89' lang='lat'>432,</span> <span class='ocrx_word' id='word_1_5' title='bbox 788 199 879 245; x_wconf 84' lang='lat'><strong>13:</strong></span> <span class='ocrx_word' id='word_1_6' title='bbox 919 193 1060 258; x_wconf 76' lang='grc' dir='ltr'><strong>ἔστω]</strong></span> <span class='ocrx_word' id='word_1_7' title='bbox 1102 193 1220 244; x_wconf 74' lang='grc' dir='ltr'><strong>ἔστω</strong></span> <span class='ocrx_word' id='word_1_8' title='bbox 1260 189 1285 244; x_wconf 85' lang='grc' dir='ltr'>ὁ</span> <span class='ocrx_word' id='word_1_9' title='bbox 1326 195 1372 243; x_wconf 90' lang='lat' dir='ltr'><strong>b.</strong></span> 
     </span>
     <span class='ocr_line' id='line_1_4' title="bbox 790 267 1594 332; baseline -0.002 -13"><span class='ocrx_word' id='word_1_10' title='bbox 790 273 880 319; x_wconf 90' lang='lat'><strong>19:</strong></span> <span class='ocrx_word' id='word_1_11' title='bbox 920 267 990 332; x_wconf 93' lang='grc' dir='ltr'><strong>Β]</strong></span> <span class='ocrx_word' id='word_1_12' title='bbox 1032 285 1154 318; x_wconf 85' lang='lat' dir='ltr'><strong>corr.</strong></span> <span class='ocrx_word' id='word_1_13' title='bbox 1196 285 1255 321; x_wconf 82' lang='lat' dir='ltr'><strong>ex</strong></span> <span class='ocrx_word' id='word_1_14' title='bbox 1293 271 1342 317; x_wconf 92' lang='grc' dir='ltr'><em>Γ</em></span> <span class='ocrx_word' id='word_1_15' title='bbox 1371 286 1434 318; x_wconf 88' lang='lat' dir='ltr'><strong>m.</strong></span> <span class='ocrx_word' id='word_1_16' title='bbox 1478 273 1505 317; x_wconf 90' lang='lat'>1</span> <span class='ocrx_word' id='word_1_17' title='bbox 1547 270 1594 318; x_wconf 91' lang='lat' dir='ltr'><strong>b.</strong></span> 
     </span>
     <span class='ocr_line' id='line_1_5' title="bbox 789 341 1324 405; baseline -0.006 -12"><span class='ocrx_word' id='word_1_18' title='bbox 789 346 882 393; x_wconf 80' lang='lat'><strong>20:</strong></span> <span class='ocrx_word' id='word_1_19' title='bbox 922 341 1040 405; x_wconf 81' lang='grc' dir='ltr'><strong>ἐστι]</strong></span> <span class='ocrx_word' id='word_1_20' title='bbox 1082 359 1237 405; x_wconf 85' lang='lat' dir='ltr'><strong>comp.</strong></span> <span class='ocrx_word' id='word_1_21' title='bbox 1277 343 1324 390; x_wconf 91' lang='lat' dir='ltr'><strong>b.</strong></span> 
     </span>
     <span class='ocr_line' id='line_1_6' title="bbox 920 408 1675 480; baseline -0.003 -14"><span class='ocrx_word' id='word_1_22' title='bbox 920 408 1040 480; x_wconf 74' lang='grc' dir='ltr'><strong><em>ὅπερ</em></strong></span> <span class='ocrx_word' id='word_1_23' title='bbox 1079 415 1177 465; x_wconf 74' lang='grc' dir='ltr'><em>ἔδει</em></span> <span class='ocrx_word' id='word_1_24' title='bbox 1217 414 1392 478; x_wconf 80' lang='grc' dir='ltr'><strong>δεῖξαι]</strong></span> <span class='ocrx_word' id='word_1_25' title='bbox 1433 432 1587 477; x_wconf 81' lang='lat' dir='ltr'><strong>comp.</strong></span> <span class='ocrx_word' id='word_1_26' title='bbox 1629 417 1675 465; x_wconf 89' lang='lat' dir='ltr'><strong>b.</strong></span> 
     </span>
    </p>
   </div>
   <div class='ocr_carea' id='block_1_4' title="bbox 159 486 1183 561">
    <p class='ocr_par' dir='ltr' id='par_1_4' title="bbox 159 486 1183 561">
     <span class='ocr_line' id='line_1_7' title="bbox 159 486 1183 561; baseline -0.008 -14"><span class='ocrx_word' id='word_1_27' title='bbox 159 515 207 561; x_wconf 89' lang='lat' dir='ltr'><strong>p.</strong></span> <span class='ocrx_word' id='word_1_28' title='bbox 251 498 374 559; x_wconf 85' lang='lat'>250,</span> <span class='ocrx_word' id='word_1_29' title='bbox 417 496 507 543; x_wconf 90' lang='grc'><strong>10.</strong></span> <span class='ocrx_word' id='word_1_30' title='bbox 546 486 623 558; x_wconf 77' lang='grc' dir='ltr'><strong>λγ’</strong></span> <span class='ocrx_word' id='word_1_31' title='bbox 666 494 698 542; x_wconf 92' lang='lat' dir='ltr'><strong>b</strong></span> <span class='ocrx_word' id='word_1_32' title='bbox 738 496 789 541; x_wconf 77' lang='lat' dir='ltr'><strong>et</strong></span> <span class='ocrx_word' id='word_1_33' title='bbox 829 491 898 540; x_wconf 85' lang='lat' dir='ltr'><strong>sic</strong></span> <span class='ocrx_word' id='word_1_34' title='bbox 938 491 1183 553; x_wconf 80' lang='lat' dir='ltr'><strong>deinceps.</strong></span> 
     </span>
    </p>
   </div>
   <div class='ocr_carea' id='block_1_5' title="bbox 406 572 495 617">
    <p class='ocr_par' dir='ltr' id='par_1_5' title="bbox 406 572 495 617">
     <span class='ocr_line' id='line_1_8' title="bbox 406 572 495 617; baseline 0 0"><span class='ocrx_word' id='word_1_35' title='bbox 406 572 495 617; x_wconf 86' lang='lat'><strong>17:</strong></span> 
     </span>
    </p>
   </div>
   <div class='ocr_carea' id='block_1_6' title="bbox 403 718 495 764">
    <p class='ocr_par' dir='ltr' id='par_1_6' title="bbox 403 718 495 764">
     <span class='ocr_line' id='line_1_9' title="bbox 403 718 495 764; baseline 0 0"><span class='ocrx_word' id='word_1_36' title='bbox 403 718 495 764; x_wconf 89' lang='lat'><strong>24·</strong></span> 
     </span>
    </p>
   </div>
   <div class='ocr_carea' id='block_1_7' title="bbox 155 793 502 856">
    <p class='ocr_par' dir='ltr' id='par_1_7' title="bbox 155 793 502 856">
     <span class='ocr_line' id='line_1_10' title="bbox 155 793 502 856; baseline -0.014 -14"><span class='ocrx_word' id='word_1_37' title='bbox 155 811 203 856; x_wconf 90' lang='lat' dir='ltr'><strong>p.</strong></span> <span class='ocrx_word' id='word_1_38' title='bbox 246 793 368 851; x_wconf 84' lang='lat'>252,</span> <span class='ocrx_word' id='word_1_39' title='bbox 450 794 502 837; x_wconf 92' lang='lat'><strong>1:</strong></span> 
     </span>
    </p>
   </div>
   <div class='ocr_carea' id='block_1_8' title="bbox 402 865 494 912">
    <p class='ocr_par' dir='ltr' id='par_1_8' title="bbox 402 865 494 912">
     <span class='ocr_line' id='line_1_11' title="bbox 402 865 494 912; baseline 0.015 -1"><span class='ocrx_word' id='word_1_40' title='bbox 402 865 494 912; x_wconf 85' lang='lat'><strong>13:</strong></span> 
     </span>
    </p>
   </div>
   <div class='ocr_carea' id='block_1_9' title="bbox 154 1013 505 1299">
    <p class='ocr_par' dir='ltr' id='par_1_9' title="bbox 154 1013 505 1299">
     <span class='ocr_line' id='line_1_12' title="bbox 406 1013 495 1060; baseline -0.022 0"><span class='ocrx_word' id='word_1_41' title='bbox 406 1013 495 1060; x_wconf 88' lang='lat'><strong>19:</strong></span> 
     </span>
     <span class='ocr_line' id='line_1_13' title="bbox 156 1087 505 1152; baseline -0.014 -15"><span class='ocrx_word' id='word_1_42' title='bbox 156 1106 204 1152; x_wconf 90' lang='lat' dir='ltr'><strong>p.</strong></span> <span class='ocrx_word' id='word_1_43' title='bbox 246 1088 367 1147; x_wconf 87' lang='lat'>256,</span> <span class='ocrx_word' id='word_1_44' title='bbox 411 1087 505 1133; x_wconf 90' lang='lat'>21:</span> 
     </span>
     <span class='ocr_line' id='line_1_14' title="bbox 403 1159 494 1207; baseline -0.011 0"><span class='ocrx_word' id='word_1_45' title='bbox 403 1159 494 1207; x_wconf 82' lang='lat'><strong>25:</strong></span> 
     </span>
     <span class='ocr_line' id='line_1_15' title="bbox 154 1233 502 1299; baseline -0.011 -15"><span class='ocrx_word' id='word_1_46' title='bbox 154 1254 202 1299; x_wconf 86' lang='lat' dir='ltr'><strong>p.</strong></span> <span class='ocrx_word' id='word_1_47' title='bbox 246 1235 368 1297; x_wconf 85' lang='lat'>258,</span> <span class='ocrx_word' id='word_1_48' title='bbox 447 1233 502 1280; x_wconf 82' lang='lat'><strong>8:</strong></span> 
     </span>
    </p>
   </div>
   <div class='ocr_carea' id='block_1_10' title="bbox 407 1383 496 1504">
    <p class='ocr_par' dir='ltr' id='par_1_10' title="bbox 407 1383 496 1504">
     <span class='ocr_line' id='line_1_16' title="bbox 441 1383 494 1430; baseline -0.038 0"><span class='ocrx_word' id='word_1_49' title='bbox 441 1383 494 1430; x_wconf 88' lang='lat'><strong>9:</strong></span> 
     </span>
     <span class='ocr_line' id='line_1_17' title="bbox 407 1456 496 1504; baseline -0.011 0"><span class='ocrx_word' id='word_1_50' title='bbox 407 1456 496 1504; x_wconf 86' lang='lat'><strong>13:</strong></span> 
     </span>
    </p>
   </div>
   <div class='ocr_carea' id='block_1_11' title="bbox 153 1604 502 2611">
    <p class='ocr_par' dir='ltr' id='par_1_11' title="bbox 153 1604 502 2611">
     <span class='ocr_line' id='line_1_18' title="bbox 404 1604 494 1651; baseline -0.022 0"><span class='ocrx_word' id='word_1_51' title='bbox 404 1604 494 1651; x_wconf 94' lang='lat'>20:</span> 
     </span>
     <span class='ocr_line' id='line_1_19' title="bbox 404 1678 493 1725; baseline -0.022 0"><span class='ocrx_word' id='word_1_52' title='bbox 404 1678 493 1725; x_wconf 89' lang='lat'><strong>24:</strong></span> 
     </span>
     <span class='ocr_line' id='line_1_20' title="bbox 403 1752 494 1798; baseline 0 0"><span class='ocrx_word' id='word_1_53' title='bbox 403 1752 494 1798; x_wconf 89' lang='lat'><strong>26:</strong></span> 
     </span>
     <span class='ocr_line' id='line_1_21' title="bbox 153 1827 498 1890; baseline -0.014 -13"><span class='ocrx_word' id='word_1_54' title='bbox 153 1843 199 1890; x_wconf 87' lang='lat' dir='ltr'><strong>p.</strong></span> <span class='ocrx_word' id='word_1_55' title='bbox 244 1827 366 1888; x_wconf 85' lang='lat'>260,</span> <span class='ocrx_word' id='word_1_56' title='bbox 443 1827 498 1872; x_wconf 91' lang='lat'>4:</span> 
     </span>
     <span class='ocr_line' id='line_1_22' title="bbox 405 1899 495 1947; baseline -0.011 0"><span class='ocrx_word' id='word_1_57' title='bbox 405 1899 495 1947; x_wconf 90' lang='lat'>16:</span> 
     </span>
     <span class='ocr_line' id='line_1_23' title="bbox 404 1973 497 2020; baseline 0 0"><span class='ocrx_word' id='word_1_58' title='bbox 404 1973 497 2020; x_wconf 87' lang='lat'><strong>25:</strong></span> 
     </span>
     <span class='ocr_line' id='line_1_24' title="bbox 153 2049 500 2111; baseline -0.014 -13"><span class='ocrx_word' id='word_1_59' title='bbox 153 2066 200 2111; x_wconf 89' lang='lat' dir='ltr'><strong>p.</strong></span> <span class='ocrx_word' id='word_1_60' title='bbox 244 2049 366 2109; x_wconf 87' lang='lat'>262,</span> <span class='ocrx_word' id='word_1_61' title='bbox 409 2049 500 2094; x_wconf 86' lang='lat'><strong>11:</strong></span> 
     </span>
     <span class='ocr_line' id='line_1_25' title="bbox 408 2121 497 2168; baseline -0.011 0"><span class='ocrx_word' id='word_1_62' title='bbox 408 2121 497 2168; x_wconf 88' lang='lat'><strong>13:</strong></span> 
     </span>
     <span class='ocr_line' id='line_1_26' title="bbox 410 2195 499 2241; baseline 0 0"><span class='ocrx_word' id='word_1_63' title='bbox 410 2195 499 2241; x_wconf 88' lang='lat'>14:</span> 
     </span>
     <span class='ocr_line' id='line_1_27' title="bbox 408 2268 500 2315; baseline -0.011 0"><span class='ocrx_word' id='word_1_64' title='bbox 408 2268 500 2315; x_wconf 87' lang='lat'><strong>16:</strong></span> 
     </span>
     <span class='ocr_line' id='line_1_28' title="bbox 407 2342 498 2390; baseline -0.022 0"><span class='ocrx_word' id='word_1_65' title='bbox 407 2342 498 2390; x_wconf 88' lang='lat'>23:</span> 
     </span>
     <span class='ocr_line' id='line_1_29' title="bbox 408 2416 499 2462; baseline 0 0"><span class='ocrx_word' id='word_1_66' title='bbox 408 2416 499 2462; x_wconf 89' lang='lat'>24:</span> 
     </span>
     <span class='ocr_line' id='line_1_30' title="bbox 155 2489 502 2553; baseline -0.012 -13"><span class='ocrx_word' id='word_1_67' title='bbox 155 2508 203 2553; x_wconf 90' lang='lat' dir='ltr'><strong>p.</strong></span> <span class='ocrx_word' id='word_1_68' title='bbox 247 2491 368 2553; x_wconf 88' lang='lat'>264,</span> <span class='ocrx_word' id='word_1_69' title='bbox 447 2489 502 2537; x_wconf 88' lang='lat'><strong>3:</strong></span> 
     </span>
     <span class='ocr_line' id='line_1_31' title="bbox 409 2563 499 2611; baseline 0 -1"><span class='ocrx_word' id='word_1_70' title='bbox 409 2563 499 2611; x_wconf 84' lang='lat'><strong>13:</strong></span> 
     </span>
    </p>
   </div>
   <div class='ocr_carea' id='block_1_12' title="bbox 533 557 1852 2623">
    <p class='ocr_par' dir='ltr' id='par_1_12' title="bbox 535 557 1848 704">
     <span class='ocr_line' id='line_1_32' title="bbox 535 557 1848 637; baseline -0.004 -21"><span class='ocrx_word' id='word_1_71' title='bbox 535 561 737 637; x_wconf 79' lang='grc' dir='ltr'><em>γεγονὸς</em></span> <span class='ocrx_word' id='word_1_72' title='bbox 776 560 841 614; x_wconf 75' lang='grc' dir='ltr'><strong>ἂν</strong></span> <span class='ocrx_word' id='word_1_73' title='bbox 880 564 954 628; x_wconf 83' lang='grc' dir='ltr'><strong>εἴη</strong></span> <span class='ocrx_word' id='word_1_74' title='bbox 994 558 1048 612; x_wconf 89' lang='grc' dir='ltr'><strong>τὸ</strong></span> <span class='ocrx_word' id='word_1_75' title='bbox 1080 561 1361 628; x_wconf 82' lang='grc' dir='ltr'><strong>ἐπιταχθέν]</strong></span> <span class='ocrx_word' id='word_1_76' title='bbox 1405 557 1619 627; x_wconf 75' lang='grc' dir='ltr'><strong>δῆλον’“</strong></span> <span class='ocrx_word' id='word_1_77' title='bbox 1590 583 1653 612; x_wconf 90' lang='grc' dir='ltr'><strong>αν</strong></span> <span class='ocrx_word' id='word_1_78' title='bbox 1688 563 1762 627; x_wconf 81' lang='grc' dir='ltr'><strong>εἴη</strong></span> <span class='ocrx_word' id='word_1_79' title='bbox 1792 558 1848 612; x_wconf 85' lang='grc' dir='ltr'><strong>τὸ</strong></span> 
     </span>
     <span class='ocr_line' id='line_1_33' title="bbox 610 636 1415 704; baseline -0.008 -14"><span class='ocrx_word' id='word_1_80' title='bbox 610 636 908 704; x_wconf 79' lang='grc' dir='ltr'><strong>ζητούμενον</strong></span> <span class='ocrx_word' id='word_1_81' title='bbox 946 639 1002 701; x_wconf 91' lang='lat' dir='ltr'><strong>b,</strong></span> <span class='ocrx_word' id='word_1_82' title='bbox 1042 638 1164 686; x_wconf 78' lang='lat' dir='ltr'>item</span> <span class='ocrx_word' id='word_1_83' title='bbox 1201 639 1287 685; x_wconf 85' lang='lat' dir='ltr'><strong>lin.</strong></span> <span class='ocrx_word' id='word_1_84' title='bbox 1333 640 1415 686; x_wconf 88' lang='lat'><strong>21.</strong></span> 
     </span>
    </p>

    <p class='ocr_par' dir='ltr' id='par_1_13' title="bbox 537 703 1848 778">
     <span class='ocr_line' id='line_1_34' title="bbox 537 703 1848 778; baseline -0.004 -15"><span class='ocrx_word' id='word_1_85' title='bbox 537 712 600 777; x_wconf 87' lang='grc' dir='ltr'><strong>εἰ]</strong></span> <span class='ocrx_word' id='word_1_86' title='bbox 624 709 710 764; x_wconf 88' lang='grc' dir='ltr'><strong>τὸν</strong></span> <span class='ocrx_word' id='word_1_87' title='bbox 733 708 828 778; x_wconf 82' lang='grc' dir='ltr'><strong>πρὸ</strong></span> <span class='ocrx_word' id='word_1_88' title='bbox 853 706 1095 775; x_wconf 77' lang='grc' dir='ltr'><strong>ἕαυτοῦ,“</strong></span> <span class='ocrx_word' id='word_1_89' title='bbox 1071 730 1126 770; x_wconf 81' lang='grc' dir='ltr'><strong>ος</strong></span> <span class='ocrx_word' id='word_1_90' title='bbox 1148 709 1230 759; x_wconf 83' lang='grc' dir='ltr'><strong>καὶ</strong></span> <span class='ocrx_word' id='word_1_91' title='bbox 1252 706 1337 760; x_wconf 89' lang='grc' dir='ltr'><strong>τὸν</strong></span> <span class='ocrx_word' id='word_1_92' title='bbox 1361 714 1410 758; x_wconf 92' lang='grc' dir='ltr'><em>Α</em></span> <span class='ocrx_word' id='word_1_93' title='bbox 1442 703 1676 775; x_wconf 81' lang='grc' dir='ltr'><strong><em>μετρήσει.</em></strong></span> <span class='ocrx_word' id='word_1_94' title='bbox 1726 710 1769 759; x_wconf 84' lang='grc' dir='ltr'><strong>εἰ</strong></span> <span class='ocrx_word' id='word_1_95' title='bbox 1800 711 1848 758; x_wconf 89' lang='lat' dir='ltr'><strong>b.</strong></span> 
     </span>
    </p>

    <p class='ocr_par' dir='ltr' id='par_1_14' title="bbox 544 784 1147 852">
     <span class='ocr_line' id='line_1_35' title="bbox 544 784 1147 852; baseline -0.005 -16"><span class='ocrx_word' id='word_1_96' title='bbox 544 786 731 852; x_wconf 76' lang='grc' dir='ltr'><strong>ἑτέρου]</strong></span> <span class='ocrx_word' id='word_1_97' title='bbox 770 789 858 837; x_wconf 85' lang='grc' dir='ltr'><strong>τοῦ</strong></span> <span class='ocrx_word' id='word_1_98' title='bbox 897 784 1061 849; x_wconf 78' lang='grc' dir='ltr'><strong>ἑτέρου</strong></span> <span class='ocrx_word' id='word_1_99' title='bbox 1100 786 1147 834; x_wconf 93' lang='lat' dir='ltr'><strong>b.</strong></span> 
     </span>
    </p>

    <p class='ocr_par' dir='ltr' id='par_1_15' title="bbox 535 851 1850 926">
     <span class='ocr_line' id='line_1_36' title="bbox 535 851 1850 926; baseline -0.005 -15"><span class='ocrx_word' id='word_1_100' title='bbox 535 858 818 926; x_wconf 83' lang='grc' dir='ltr'><strong>ἐπιταχθέν]</strong></span> <span class='ocrx_word' id='word_1_101' title='bbox 866 855 1165 924; x_wconf 80' lang='grc' dir='ltr'><strong>ζητούμενον</strong></span> <span class='ocrx_word' id='word_1_102' title='bbox 1210 860 1265 922; x_wconf 92' lang='lat' dir='ltr'><strong>b,</strong></span> <span class='ocrx_word' id='word_1_103' title='bbox 1311 875 1408 922; x_wconf 87' lang='lat' dir='ltr'><strong>mg.</strong></span> <span class='ocrx_word' id='word_1_104' title='bbox 1456 876 1520 907; x_wconf 88' lang='lat' dir='ltr'><strong>m.</strong></span> <span class='ocrx_word' id='word_1_105' title='bbox 1574 862 1624 906; x_wconf 91' lang='lat'><strong>1:</strong></span> <span class='ocrx_word' id='word_1_106' title='bbox 1675 876 1747 923; x_wconf 76' lang='grc' dir='ltr'><strong>γρ.</strong></span> <span class='ocrx_word' id='word_1_107' title='bbox 1795 851 1850 906; x_wconf 88' lang='grc' dir='ltr'><strong>τὸ</strong></span> 
     </span>
    </p>

    <p class='ocr_par' dir='ltr' id='par_1_16' title="bbox 535 930 822 1001">
     <span class='ocr_line' id='line_1_37' title="bbox 535 930 822 1001; baseline -0.007 -17"><span class='ocrx_word' id='word_1_108' title='bbox 535 930 822 1001; x_wconf 77' lang='grc' dir='ltr'><em>ἐπάγγελμα</em></span> 
     </span>
    </p>

    <p class='ocr_par' dir='ltr' id='par_1_17' title="bbox 534 1002 1735 1073">
     <span class='ocr_line' id='line_1_38' title="bbox 534 1002 1735 1073; baseline -0.004 -14"><span class='ocrx_word' id='word_1_109' title='bbox 534 1004 650 1068; x_wconf 77' lang='grc' dir='ltr'><strong>τοὺς</strong></span> <span class='ocrx_word' id='word_1_110' title='bbox 689 1002 868 1067; x_wconf 80' lang='grc' dir='ltr'><strong>αὐτους</strong></span> <span class='ocrx_word' id='word_1_111' title='bbox 906 1002 1081 1073; x_wconf 81' lang='grc' dir='ltr'><em>λόγους</em></span> <span class='ocrx_word' id='word_1_112' title='bbox 1119 1008 1173 1067; x_wconf 84' lang='lat' dir='ltr'><strong>b3</strong></span> <span class='ocrx_word' id='word_1_113' title='bbox 1212 1007 1332 1055; x_wconf 81' lang='lat' dir='ltr'><strong>item</strong></span> <span class='ocrx_word' id='word_1_114' title='bbox 1372 1007 1458 1055; x_wconf 79' lang='lat' dir='ltr'><strong>lin.</strong></span> <span class='ocrx_word' id='word_1_115' title='bbox 1501 1008 1735 1054; x_wconf 90' lang='lat'>22—23.</span> 
     </span>
    </p>

    <p class='ocr_par' dir='ltr' id='par_1_18' title="bbox 543 1083 852 1147">
     <span class='ocr_line' id='line_1_39' title="bbox 543 1083 852 1147; baseline -0.01 -14"><span class='ocrx_word' id='word_1_116' title='bbox 543 1085 766 1147; x_wconf 82' lang='grc' dir='ltr'><strong>μετροῦσι</strong></span> <span class='ocrx_word' id='word_1_117' title='bbox 804 1083 852 1130; x_wconf 92' lang='lat' dir='ltr'><strong>b.</strong></span> 
     </span>
    </p>

    <p class='ocr_par' dir='ltr' id='par_1_19' title="bbox 535 1150 866 1219">
     <span class='ocr_line' id='line_1_40' title="bbox 535 1150 866 1219; baseline -0.006 -12"><span class='ocrx_word' id='word_1_118' title='bbox 535 1151 592 1219; x_wconf 85' lang='grc' dir='ltr'><strong>ὁ]</strong></span> <span class='ocrx_word' id='word_1_119' title='bbox 633 1154 716 1205; x_wconf 83' lang='grc' dir='ltr'><strong>καὶ</strong></span> <span class='ocrx_word' id='word_1_120' title='bbox 755 1150 781 1206; x_wconf 85' lang='grc' dir='ltr'>ὁ</span> <span class='ocrx_word' id='word_1_121' title='bbox 819 1156 866 1205; x_wconf 94' lang='lat' dir='ltr'><strong>b.</strong></span> 
     </span>
    </p>

    <p class='ocr_par' dir='ltr' id='par_1_20' title="bbox 541 1224 1852 1294">
     <span class='ocr_line' id='line_1_41' title="bbox 541 1224 1852 1294; baseline -0.003 -14"><span class='ocrx_word' id='word_1_122' title='bbox 541 1234 658 1294; x_wconf 75' lang='lat' dir='ltr'><strong>post</strong></span> <span class='ocrx_word' id='word_1_123' title='bbox 696 1224 933 1294; x_wconf 78' lang='grc' dir='ltr'><strong><em>ἑπόμενος</em></strong></span> <span class='ocrx_word' id='word_1_124' title='bbox 961 1230 1157 1292; x_wconf 81' lang='lat' dir='ltr'>reliqua</span> <span class='ocrx_word' id='word_1_125' title='bbox 1187 1244 1304 1290; x_wconf 82' lang='lat' dir='ltr'><strong>pars</strong></span> <span class='ocrx_word' id='word_1_126' title='bbox 1335 1229 1496 1276; x_wconf 82' lang='lat' dir='ltr'>lineae</span> <span class='ocrx_word' id='word_1_127' title='bbox 1531 1227 1676 1290; x_wconf 79' lang='lat' dir='ltr'>quasi</span> <span class='ocrx_word' id='word_1_128' title='bbox 1708 1243 1852 1276; x_wconf 84' lang='lat' dir='ltr'>orna-</span> 
     </span>
    </p>

    <p class='ocr_par' dir='ltr' id='par_1_21' title="bbox 535 1302 1583 1367">
     <span class='ocr_line' id='line_1_42' title="bbox 535 1302 1583 1367; baseline -0.005 -13"><span class='ocrx_word' id='word_1_129' title='bbox 535 1305 716 1354; x_wconf 79' lang='lat' dir='ltr'><strong>mentis</strong></span> <span class='ocrx_word' id='word_1_130' title='bbox 757 1303 1055 1367; x_wconf 86' lang='lat' dir='ltr'>quibusdam</span> <span class='ocrx_word' id='word_1_131' title='bbox 1096 1303 1293 1365; x_wconf 72' lang='lat' dir='ltr'><strong>expleta</strong></span> <span class='ocrx_word' id='word_1_132' title='bbox 1332 1304 1410 1351; x_wconf 74' lang='lat' dir='ltr'><strong>est</strong></span> <span class='ocrx_word' id='word_1_133' title='bbox 1447 1302 1498 1350; x_wconf 87' lang='lat' dir='ltr'><strong>in</strong></span> <span class='ocrx_word' id='word_1_134' title='bbox 1536 1303 1583 1351; x_wconf 90' lang='lat' dir='ltr'><strong>b.</strong></span> 
     </span>
    </p>

    <p class='ocr_par' dir='ltr' id='par_1_22' title="bbox 533 1373 878 1441">
     <span class='ocr_line' id='line_1_43' title="bbox 533 1373 878 1441; baseline -0.012 -12"><span class='ocrx_word' id='word_1_135' title='bbox 533 1373 670 1441; x_wconf 81' lang='grc' dir='ltr'><strong>τούς]</strong></span> <span class='ocrx_word' id='word_1_136' title='bbox 709 1374 795 1428; x_wconf 87' lang='grc' dir='ltr'><strong>τόν</strong></span> <span class='ocrx_word' id='word_1_137' title='bbox 834 1379 878 1426; x_wconf 91' lang='lat' dir='ltr'><strong>b.</strong></span> 
     </span>
    </p>

    <p class='ocr_par' dir='ltr' id='par_1_23' title="bbox 536 1443 1852 1590">
     <span class='ocr_line' id='line_1_44' title="bbox 536 1443 1852 1515; baseline -0.004 -13"><span class='ocrx_word' id='word_1_138' title='bbox 536 1455 623 1504; x_wconf 85' lang='grc' dir='ltr'><strong>τοῦ</strong></span> <span class='ocrx_word' id='word_1_139' title='bbox 676 1450 748 1515; x_wconf 92' lang='grc' dir='ltr'><strong>Γ]</strong></span> <span class='ocrx_word' id='word_1_140' title='bbox 796 1454 883 1501; x_wconf 87' lang='grc' dir='ltr'><strong>τοῦ</strong></span> <span class='ocrx_word' id='word_1_141' title='bbox 928 1454 986 1514; x_wconf 84' lang='grc' dir='ltr'><strong>Γ,</strong></span> <span class='ocrx_word' id='word_1_142' title='bbox 1041 1446 1158 1501; x_wconf 84' lang='grc' dir='ltr'><strong>όταν</strong></span> <span class='ocrx_word' id='word_1_143' title='bbox 1206 1449 1257 1500; x_wconf 86' lang='grc' dir='ltr'><strong>οἰ</strong></span> <span class='ocrx_word' id='word_1_144' title='bbox 1298 1453 1371 1512; x_wconf 93' lang='lat' dir='ltr'>A,</span> <span class='ocrx_word' id='word_1_145' title='bbox 1404 1452 1444 1498; x_wconf 94' lang='grc' dir='ltr'><strong><em>Β</em></strong></span> <span class='ocrx_word' id='word_1_146' title='bbox 1491 1451 1673 1512; x_wconf 81' lang='grc' dir='ltr'><strong>πρῶτοι</strong></span> <span class='ocrx_word' id='word_1_147' title='bbox 1726 1443 1852 1514; x_wconf 83' lang='grc' dir='ltr'><strong><em>πρὸς</em></strong></span> 
     </span>
     <span class='ocr_line' id='line_1_45' title="bbox 610 1516 1097 1590; baseline -0.006 -14"><span class='ocrx_word' id='word_1_148' title='bbox 610 1519 853 1590; x_wconf 75' lang='grc' dir='ltr'><em>ἀλλήλους</em></span> <span class='ocrx_word' id='word_1_149' title='bbox 893 1516 1012 1575; x_wconf 89' lang='grc' dir='ltr'><strong>ωσιν</strong></span> <span class='ocrx_word' id='word_1_150' title='bbox 1051 1526 1097 1573; x_wconf 93' lang='lat' dir='ltr'><strong>b.</strong></span> 
     </span>
    </p>

    <p class='ocr_par' dir='ltr' id='par_1_24' title="bbox 537 1601 844 1665">
     <span class='ocr_line' id='line_1_46' title="bbox 537 1601 844 1665; baseline 0 -15"><span class='ocrx_word' id='word_1_151' title='bbox 537 1603 760 1665; x_wconf 84' lang='grc' dir='ltr'><strong>μετροῦσι</strong></span> <span class='ocrx_word' id='word_1_152' title='bbox 797 1601 844 1650; x_wconf 91' lang='lat' dir='ltr'><strong>b.</strong></span> 
     </span>
    </p>

    <p class='ocr_par' dir='ltr' id='par_1_25' title="bbox 536 1672 1092 1737">
     <span class='ocr_line' id='line_1_47' title="bbox 536 1672 1092 1737; baseline -0.005 -13"><span class='ocrx_word' id='word_1_153' title='bbox 536 1672 772 1737; x_wconf 77' lang='grc' dir='ltr'><strong>ἔστωσαν]</strong></span> <span class='ocrx_word' id='word_1_154' title='bbox 814 1672 1005 1723; x_wconf 73' lang='grc' dir='ltr'><strong>ἔσονται</strong></span> <span class='ocrx_word' id='word_1_155' title='bbox 1045 1673 1092 1721; x_wconf 90' lang='lat' dir='ltr'><strong>b.</strong></span> 
     </span>
    </p>

    <p class='ocr_par' dir='ltr' id='par_1_26' title="bbox 534 1747 1113 1811">
     <span class='ocr_line' id='line_1_48' title="bbox 534 1747 1113 1811; baseline -0.005 -14"><span class='ocrx_word' id='word_1_156' title='bbox 534 1747 615 1811; x_wconf 92' lang='lat' dir='ltr'><strong>H]</strong></span> <span class='ocrx_word' id='word_1_157' title='bbox 657 1765 683 1797; x_wconf 80' lang='lat' dir='ltr'>e</span> <span class='ocrx_word' id='word_1_158' title='bbox 724 1764 848 1797; x_wconf 87' lang='lat' dir='ltr'><strong>corr.</strong></span> <span class='ocrx_word' id='word_1_159' title='bbox 886 1765 951 1798; x_wconf 93' lang='lat' dir='ltr'><strong>m.</strong></span> <span class='ocrx_word' id='word_1_160' title='bbox 996 1750 1021 1795; x_wconf 93' lang='lat'>1</span> <span class='ocrx_word' id='word_1_161' title='bbox 1064 1747 1113 1795; x_wconf 92' lang='lat' dir='ltr'><strong>b.</strong></span> 
     </span>
    </p>

    <p class='ocr_par' dir='ltr' id='par_1_27' title="bbox 539 1815 1033 1888">
     <span class='ocr_line' id='line_1_49' title="bbox 539 1815 1033 1888; baseline -0.006 -16"><span class='ocrx_word' id='word_1_162' title='bbox 539 1818 657 1888; x_wconf 71' lang='grc' dir='ltr'><strong>ἄρα]</strong></span> <span class='ocrx_word' id='word_1_163' title='bbox 699 1818 795 1887; x_wconf 72' lang='grc' dir='ltr'><strong>ἄρα</strong></span> <span class='ocrx_word' id='word_1_164' title='bbox 835 1815 900 1880; x_wconf 79' lang='grc' dir='ltr'><strong>ὡς</strong></span> <span class='ocrx_word' id='word_1_165' title='bbox 938 1815 1033 1885; x_wconf 82' lang='lat' dir='ltr'><strong>b.¹)</strong></span> 
     </span>
    </p>

    <p class='ocr_par' dir='ltr' id='par_1_28' title="bbox 538 1890 1192 1961">
     <span class='ocr_line' id='line_1_50' title="bbox 538 1890 1192 1961; baseline -0.006 -15"><span class='ocrx_word' id='word_1_166' title='bbox 538 1892 797 1961; x_wconf 78' lang='grc' dir='ltr'><strong>μετρῶσιν]</strong></span> <span class='ocrx_word' id='word_1_167' title='bbox 839 1890 1107 1960; x_wconf 78' lang='grc' dir='ltr'><strong>μετρήσωσι</strong></span> <span class='ocrx_word' id='word_1_168' title='bbox 1146 1895 1192 1943; x_wconf 91' lang='lat' dir='ltr'><strong>b.</strong></span> 
     </span>
    </p>

    <p class='ocr_par' dir='ltr' id='par_1_29' title="bbox 538 1963 914 2035">
     <span class='ocr_line' id='line_1_51' title="bbox 538 1963 914 2035; baseline -0.003 -16"><span class='ocrx_word' id='word_1_169' title='bbox 538 1963 829 2035; x_wconf 82' lang='grc' dir='ltr'><strong>μετρήσουσι</strong></span> <span class='ocrx_word' id='word_1_170' title='bbox 867 1970 914 2018; x_wconf 94' lang='lat' dir='ltr'><strong>b.</strong></span> 
     </span>
    </p>

    <p class='ocr_par' dir='ltr' id='par_1_30' title="bbox 542 2039 817 2108">
     <span class='ocr_line' id='line_1_52' title="bbox 542 2039 817 2108; baseline -0.004 -15"><span class='ocrx_word' id='word_1_171' title='bbox 542 2039 635 2108; x_wconf 85' lang='grc' dir='ltr'><strong>δή]</strong></span> <span class='ocrx_word' id='word_1_172' title='bbox 678 2040 732 2092; x_wconf 83' lang='grc' dir='ltr'><strong>δέ</strong></span> <span class='ocrx_word' id='word_1_173' title='bbox 771 2045 817 2092; x_wconf 90' lang='lat' dir='ltr'><strong>b.</strong></span> 
     </span>
    </p>

    <p class='ocr_par' dir='ltr' id='par_1_31' title="bbox 538 2119 846 2183">
     <span class='ocr_line' id='line_1_53' title="bbox 538 2119 846 2183; baseline -0.006 -16"><span class='ocrx_word' id='word_1_174' title='bbox 538 2119 762 2183; x_wconf 82' lang='grc' dir='ltr'><strong>μετροῦσι</strong></span> <span class='ocrx_word' id='word_1_175' title='bbox 799 2119 846 2166; x_wconf 92' lang='lat' dir='ltr'><strong>b.</strong></span> 
     </span>
    </p>

    <p class='ocr_par' dir='ltr' id='par_1_32' title="bbox 540 2185 916 2256">
     <span class='ocr_line' id='line_1_54' title="bbox 540 2185 916 2256; baseline -0.003 -16"><span class='ocrx_word' id='word_1_176' title='bbox 540 2185 831 2256; x_wconf 81' lang='grc' dir='ltr'><strong>μετρήσουσι</strong></span> <span class='ocrx_word' id='word_1_177' title='bbox 870 2191 916 2239; x_wconf 93' lang='lat' dir='ltr'><strong>b.</strong></span> 
     </span>
    </p>

    <p class='ocr_par' dir='ltr' id='par_1_33' title="bbox 541 2263 1268 2330">
     <span class='ocr_line' id='line_1_55' title="bbox 541 2263 1268 2330; baseline -0.004 -16"><span class='ocrx_word' id='word_1_178' title='bbox 541 2266 766 2330; x_wconf 82' lang='grc' dir='ltr'><strong>μετροῦσι</strong></span> <span class='ocrx_word' id='word_1_179' title='bbox 804 2265 859 2326; x_wconf 85' lang='lat' dir='ltr'><strong>b3</strong></span> <span class='ocrx_word' id='word_1_180' title='bbox 898 2265 1019 2312; x_wconf 74' lang='lat' dir='ltr'><strong>item</strong></span> <span class='ocrx_word' id='word_1_181' title='bbox 1059 2263 1144 2311; x_wconf 88' lang='lat' dir='ltr'><strong>lin.</strong></span> <span class='ocrx_word' id='word_1_182' title='bbox 1189 2266 1268 2311; x_wconf 86' lang='lat'><strong>17.</strong></span> 
     </span>
    </p>

    <p class='ocr_par' dir='ltr' id='par_1_34' title="bbox 540 2331 1239 2404">
     <span class='ocr_line' id='line_1_56' title="bbox 540 2331 1239 2404; baseline -0.006 -16"><span class='ocrx_word' id='word_1_183' title='bbox 540 2335 820 2404; x_wconf 82' lang='grc' dir='ltr'><strong>μετροῦσιν]</strong></span> <span class='ocrx_word' id='word_1_184' title='bbox 863 2331 1153 2401; x_wconf 81' lang='grc' dir='ltr'><strong>μετρήσουσι</strong></span> <span class='ocrx_word' id='word_1_185' title='bbox 1192 2336 1239 2385; x_wconf 93' lang='lat' dir='ltr'><strong>b.</strong></span> 
     </span>
    </p>

    <p class='ocr_par' dir='ltr' id='par_1_35' title="bbox 538 2410 1100 2475">
     <span class='ocr_line' id='line_1_57' title="bbox 538 2410 1100 2475; baseline -0.002 -14"><span class='ocrx_word' id='word_1_186' title='bbox 538 2410 608 2475; x_wconf 91' lang='grc' dir='ltr'><strong>Γ]</strong></span> <span class='ocrx_word' id='word_1_187' title='bbox 647 2413 700 2460; x_wconf 87' lang='lat' dir='ltr'><strong>in</strong></span> <span class='ocrx_word' id='word_1_188' title='bbox 738 2428 835 2461; x_wconf 85' lang='lat' dir='ltr'><strong>ras.</strong></span> <span class='ocrx_word' id='word_1_189' title='bbox 874 2428 938 2460; x_wconf 88' lang='lat' dir='ltr'><strong>m.</strong></span> <span class='ocrx_word' id='word_1_190' title='bbox 983 2414 1009 2458; x_wconf 97' lang='lat'>1</span> <span class='ocrx_word' id='word_1_191' title='bbox 1053 2412 1100 2460; x_wconf 94' lang='lat' dir='ltr'><strong>b.</strong></span> 
     </span>
    </p>

    <p class='ocr_par' dir='ltr' id='par_1_36' title="bbox 544 2485 1415 2551">
     <span class='ocr_line' id='line_1_58' title="bbox 544 2485 1415 2551; baseline -0.003 -15"><span class='ocrx_word' id='word_1_192' title='bbox 544 2487 769 2551; x_wconf 80' lang='grc' dir='ltr'><strong>μετροῦσι</strong></span> <span class='ocrx_word' id='word_1_193' title='bbox 807 2486 862 2549; x_wconf 87' lang='lat' dir='ltr'><strong>b;</strong></span> <span class='ocrx_word' id='word_1_194' title='bbox 900 2485 1023 2534; x_wconf 80' lang='lat' dir='ltr'><strong>item</strong></span> <span class='ocrx_word' id='word_1_195' title='bbox 1062 2485 1148 2534; x_wconf 90' lang='lat' dir='ltr'><strong>lin.</strong></span> <span class='ocrx_word' id='word_1_196' title='bbox 1188 2487 1237 2547; x_wconf 89' lang='lat'>4,</span> <span class='ocrx_word' id='word_1_197' title='bbox 1279 2487 1327 2545; x_wconf 85' lang='lat'>7,</span> <span class='ocrx_word' id='word_1_198' title='bbox 1369 2485 1415 2533; x_wconf 82' lang='lat'><strong>8.</strong></span> 
     </span>
    </p>

    <p class='ocr_par' dir='ltr' id='par_1_37' title="bbox 539 2553 1513 2623">
     <span class='ocr_line' id='line_1_59' title="bbox 539 2553 1513 2623; baseline 0 -14"><span class='ocrx_word' id='word_1_199' title='bbox 539 2556 625 2610; x_wconf 90' lang='grc' dir='ltr'><strong>τὸν</strong></span> <span class='ocrx_word' id='word_1_200' title='bbox 663 2562 705 2608; x_wconf 94' lang='grc' dir='ltr'>Ζ</span> <span class='ocrx_word' id='word_1_201' title='bbox 727 2585 789 2593; x_wconf 91' lang='lat'><strong>-—</strong></span> <span class='ocrx_word' id='word_1_202' title='bbox 814 2562 905 2608; x_wconf 89' lang='lat'>14:</span> <span class='ocrx_word' id='word_1_203' title='bbox 946 2553 1291 2623; x_wconf 80' lang='grc' dir='ltr'><strong>μετρούμενος]</strong></span> <span class='ocrx_word' id='word_1_204' title='bbox 1333 2575 1426 2607; x_wconf 90' lang='lat' dir='ltr'><strong>om.</strong></span> <span class='ocrx_word' id='word_1_205' title='bbox 1467 2559 1513 2609; x_wconf 85' lang='lat' dir='ltr'><strong>b.</strong></span> 
     </span>
    </p>
   </div>
   <div class='ocr_carea' id='block_1_13' title="bbox 155 2627 1452 2700">
    <p class='ocr_par' dir='ltr' id='par_1_38' title="bbox 155 2627 1452 2700">
     <span class='ocr_line' id='line_1_60' title="bbox 155 2627 1452 2700; baseline -0.005 -13"><span class='ocrx_word' id='word_1_206' title='bbox 155 2655 203 2700; x_wconf 85' lang='lat' dir='ltr'><strong>p.</strong></span> <span class='ocrx_word' id='word_1_207' title='bbox 247 2639 372 2700; x_wconf 87' lang='lat'>266,</span> <span class='ocrx_word' id='word_1_208' title='bbox 414 2637 503 2684; x_wconf 85' lang='lat'><strong>10:</strong></span> <span class='ocrx_word' id='word_1_209' title='bbox 543 2629 594 2684; x_wconf 89' lang='grc' dir='ltr'><strong>τὸ</strong></span> <span class='ocrx_word' id='word_1_210' title='bbox 635 2628 957 2683; x_wconf 63' lang='grc' dir='ltr'><strong>αὐτό-113</strong></span> <span class='ocrx_word' id='word_1_211' title='bbox 990 2627 1231 2697; x_wconf 74' lang='grc' dir='ltr'><strong>ἀριθμοῦ]</strong></span> <span class='ocrx_word' id='word_1_212' title='bbox 1273 2648 1366 2682; x_wconf 88' lang='lat' dir='ltr'><strong>om.</strong></span> <span class='ocrx_word' id='word_1_213' title='bbox 1406 2633 1452 2680; x_wconf 91' lang='lat' dir='ltr'><strong>b.</strong></span> 
     </span>
    </p>
   </div>
   <div class='ocr_carea' id='block_1_14' title="bbox 155 2711 502 2774">
    <p class='ocr_par' dir='ltr' id='par_1_39' title="bbox 155 2711 502 2774">
     <span class='ocr_line' id='line_1_61' title="bbox 155 2711 502 2774; baseline -0.009 -14"><span class='ocrx_word' id='word_1_214' title='bbox 155 2729 203 2774; x_wconf 88' lang='lat' dir='ltr'><strong>p.</strong></span> <span class='ocrx_word' id='word_1_215' title='bbox 246 2711 368 2773; x_wconf 83' lang='lat'>268,</span> <span class='ocrx_word' id='word_1_216' title='bbox 448 2712 502 2758; x_wconf 85' lang='lat'><strong>9:</strong></span> 
     </span>
    </p>
   </div>
   <div class='ocr_carea' id='block_1_15' title="bbox 153 2825 511 2833">
    <p class='ocr_par' dir='ltr' id='par_1_40' title="bbox 153 2825 511 2833">
     <span class='ocr_line' id='line_1_62' title="bbox 153 2825 511 2833; baseline 0 319"><span class='ocrx_word' id='word_1_217' title='bbox 153 2825 511 2833; x_wconf 95' lang='lat' dir='ltr'><strong> </strong></span> 
     </span>
    </p>
   </div>
   <div class='ocr_carea' id='block_1_16' title="bbox 543 2701 964 2770">
    <p class='ocr_par' dir='ltr' id='par_1_41' title="bbox 543 2701 964 2770">
     <span class='ocr_line' id='line_1_63' title="bbox 543 2701 964 2770; baseline -0.002 -13"><span class='ocrx_word' id='word_1_218' title='bbox 543 2701 674 2770; x_wconf 78' lang='grc' dir='ltr'><strong>ὑπό]</strong></span> <span class='ocrx_word' id='word_1_219' title='bbox 716 2701 741 2756; x_wconf 85' lang='grc' dir='ltr'>ὁ</span> <span class='ocrx_word' id='word_1_220' title='bbox 780 2701 879 2756; x_wconf 79' lang='grc' dir='ltr'><strong>ὑπό</strong></span> <span class='ocrx_word' id='word_1_221' title='bbox 918 2708 964 2756; x_wconf 91' lang='lat' dir='ltr'><strong>b.</strong></span> 
     </span>
    </p>
   </div>
   <div class='ocr_carea' id='block_1_17' title="bbox 276 2859 1850 2923">
    <p class='ocr_par' dir='ltr' id='par_1_42' title="bbox 276 2859 1850 2923">
     <span class='ocr_line' id='line_1_64' title="bbox 276 2859 1850 2923; baseline -0.002 -14"><span class='ocrx_word' id='word_1_222' title='bbox 276 2867 321 2923; x_wconf 88' lang='lat'><strong>1)</strong></span> <span class='ocrx_word' id='word_1_223' title='bbox 352 2865 403 2910; x_wconf 89' lang='lat' dir='ltr'><strong>P.</strong></span> <span class='ocrx_word' id='word_1_224' title='bbox 438 2870 539 2922; x_wconf 78' lang='lat'>260,</span> <span class='ocrx_word' id='word_1_225' title='bbox 574 2869 630 2908; x_wconf 84' lang='lat'><strong>14</strong></span> <span class='ocrx_word' id='word_1_226' title='bbox 671 2877 824 2908; x_wconf 69' lang='lat' dir='ltr'>ertore</span> <span class='ocrx_word' id='word_1_227' title='bbox 866 2862 1208 2920; x_wconf 74' lang='lat' dir='ltr'><strong>typographico</strong></span> <span class='ocrx_word' id='word_1_228' title='bbox 1249 2863 1423 2921; x_wconf 78' lang='lat' dir='ltr'>legitur</span> <span class='ocrx_word' id='word_1_229' title='bbox 1465 2860 1569 2907; x_wconf 82' lang='grc' dir='ltr'><em>ἔπει</em></span> <span class='ocrx_word' id='word_1_230' title='bbox 1608 2874 1693 2918; x_wconf 86' lang='lat' dir='ltr'><strong>pro</strong></span> <span class='ocrx_word' id='word_1_231' title='bbox 1735 2859 1850 2906; x_wconf 80' lang='grc' dir='ltr'><strong><em>ἔδει.</em></strong></span> 
     </span>
    </p>
   </div>
  </div>
 </body>
</html>
