1988 3152
224 95 336 148 410
848 95 1185 137 ΣΤοΙΧΕΙῼΝ
1214 91 1288 137 θ’.

223 221 278 269 A
317 213 581 284 μονάδας.
656 217 755 267 καί
790 214 903 268 ἐστι
945 211 1084 276 δυὰς
1123 210 1151 267 6
1194 219 1269 266 A·
1309 212 1599 276 διπλάσιος
1630 211 1739 283 ἄρα
1772 211 1921 266 ἐστὶν
1985 208 1988 209 ’

225 300 254 358 6
305 308 419 357 ΖΗ
462 304 563 356 τοῦ
611 306 689 356 M.
773 301 881 356 εἰσὶ
931 300 993 356 δὲ
1039 301 1132 356 καὶ
1180 303 1238 356 οἱ
1283 306 1376 369 Μ,
1409 306 1486 370 Λ,
1520 306 1655 370 ΘΚ,
1705 307 1758 355 Ε
1802 301 1922 370 ἑξῆς
1978 301 1988 330 ³

225 392 508 446 διπλάσιοι
548 386 827 461 άλλήλων·
870 392 927 444 οἰ
964 396 1039 459 Ε,
1073 395 1207 459 ΘΚ,
1242 395 1320 458 Λ,
1354 394 1443 459 Μ,
1485 394 1604 444 ΖΗ
1642 389 1751 461 ἄρα
1800 391 1923 459 ἑξῆς
1979 408 1988 427 ··

225 478 512 549 ἀνάλογόν
539 481 682 533 εἰσιν
708 480 768 533 ἐν
793 481 857 550 τῇ
896 482 1214 532 διπλασίονι
1249 475 1536 550 ἀναλογία.
1600 476 1920 551 ἀφῃρήσθω

163 593 191 632 5
227 567 295 638 δὴ
347 566 457 622 άπὸ
501 570 604 621 τοῦ
654 568 919 638 δευτέρου
965 569 1068 621 τοῦ
1116 571 1230 620 ΘΚ
1275 566 1366 620 καὶ
1406 569 1507 620 τοῦ
1548 567 1783 637 ἐσχάτου
1821 571 1922 621 τοῦ

224 662 345 711 ΖΗ
381 659 457 731 τῷ
505 657 706 731 πρώτω
756 651 831 731 τῷ
881 662 934 710 Ε
976 662 1096 718 ἴσος
1151 654 1410 726 ἑκάτερος
1456 658 1567 709 τῶν
1614 660 1753 724 ΘΝ,
1795 658 1913 717 ΖΞ·

223 749 374 800 ἔστιν
414 743 523 816 άρα
564 741 639 809 ὡς
678 742 711 814 ἡ
752 747 853 799 τοῦ
895 744 1159 815 δευτέρου
1199 741 1451 814 ἀριθμοῦ
1496 741 1740 815 υπεροχὴ
1781 743 1920 815 πρὸς

220 832 320 888 τὸν
359 837 600 903 πρῶτον,
641 830 818 897 οὕτως
855 830 889 902 ἡ
930 834 1033 887 τοῦ
1073 831 1308 902 ἐσχάτου
1348 830 1590 903 ὑπεροχὴ
1623 831 1759 903 πρὸς
1791 832 1923 899 τοὺς

221 920 327 993 πρὸ
361 923 563 977 ἑαυτοῦ
601 922 826 991 πάντας.
889 924 1042 975 ἔστιν
1082 918 1191 991 ἄρα
1224 918 1298 985 ὡς
1331 918 1360 975 6
1393 926 1517 975 ΝΚ
1544 921 1681 993 πρὸς
1718 921 1820 977 τὸν
1855 928 1920 992 Ε,

132 1035 190 1075 10
223 1009 400 1076 οὕτως
441 1010 470 1066 6
510 1013 629 1074 ΞΗ
661 1007 799 1082 πρὸς
837 1008 970 1074 τοὺς
1013 1015 1097 1078 Μ,
1132 1016 1207 1078 A,
1242 1015 1375 1078 ΚΘ,
1408 1015 1471 1064 Ε.
1548 1016 1645 1065 καί
1688 1012 1837 1065 ἐστιν
1888 1009 1917 1066 6

221 1105 345 1155 ΝΚ
383 1107 502 1164 ἴσος
539 1103 614 1175 τῷ
654 1105 725 1153 Ε·
765 1098 857 1152 καὶ
898 1095 927 1153 6
968 1100 1087 1160 ΞΗ
1119 1097 1229 1169 ἄρα
1270 1105 1389 1163 ἴσος
1429 1100 1543 1154 ἐστὶ
1575 1112 1691 1165 τοῖς
1735 1105 1814 1169 Μ,
1849 1105 1918 1170 Λ,

222 1193 359 1259 ΘΚ,
393 1195 454 1243 Ε.
534 1192 648 1243 ἔστι
690 1187 751 1242 δὲ
790 1187 882 1241 καὶ
923 1184 952 1242 6
996 1189 1100 1248 ΖΞ
1135 1191 1210 1262 τῷ
1253 1194 1305 1242 Ε
1342 1195 1486 1257 ἶσος,
1528 1187 1557 1243 6
1601 1188 1661 1243 δὲ
1711 1195 1762 1243 Ε
1804 1200 1923 1253 τοῖς

221 1285 291 1348 A,
324 1283 398 1346 Β,
431 1282 494 1346 Γ,
528 1285 582 1331 A
621 1277 712 1331 καὶ
751 1280 817 1349 τῇ
851 1276 1072 1347 μονάδι.
1130 1274 1258 1341 ὅλος
1297 1275 1407 1347 ἄρα
1441 1275 1470 1331 6
1506 1283 1626 1331 ΖΗ
1651 1283 1770 1342 ἴσος
1804 1277 1918 1332 ἐστὶ

219 1376 336 1431 τοῖς
382 1387 439 1421 τε
486 1372 562 1436 Ε,
594 1370 728 1431 ΘΚ,
763 1370 840 1434 Λ,
874 1369 948 1418 M
977 1365 1225 1429 καὶτοῖς
1266 1373 1341 1434 Α,
1382 1371 1455 1435 Β,
1497 1371 1566 1436 Γ,
1610 1373 1664 1420 A
1710 1366 1802 1420 καὶ
1850 1369 1918 1439 τῇ

133 1477 187 1517 15
220 1453 450 1526 μονάδι·
495 1454 589 1508 καὶ
637 1464 912 1524 μετρεῖται
959 1451 1054 1508 ὑπ’
1107 1451 1308 1508 αὐτῶν.
1394 1455 1562 1524 λέγω,
1612 1453 1698 1510 ὅτι
1745 1455 1838 1509 καὶ
1888 1453 1916 1510 6

221 1549 339 1598 ΖΗ
378 1541 473 1598 ὑπ’
527 1540 761 1606 οὐδενὸς
808 1540 983 1596 ἄλλου
1032 1543 1439 1613 μετρηθήσεται
1487 1542 1656 1614 παρὲξ
1695 1546 1807 1597 τῶν
1848 1552 1918 1613 Α,

219 1638 285 1701 Β,
318 1636 382 1702 Γ,
417 1639 489 1701 Δ,
523 1637 588 1700 Ε,
622 1636 750 1700 ΘΚ,
784 1637 852 1699 Λ,
889 1636 955 1684 Μ
988 1631 1079 1685 καὶ
1119 1634 1216 1701 τῆς
1254 1632 1514 1702 μονάδος.
1592 1635 1643 1686 εί
1679 1634 1786 1703 γὰρ
1829 1635 1919 1687 δυ-

218 1720 418 1789 νατόν,
467 1724 729 1792 μετρείτω
777 1741 860 1783 τις
905 1718 1006 1775 τὸν
1056 1725 1170 1774 ΖΗ
1216 1718 1245 1775 ὁ
1291 1726 1362 1789 Ο,
1409 1721 1502 1775 καὶ
1551 1717 1580 1775 6
1626 1726 1672 1774 0
1718 1721 1918 1791 μηδενὶ

217 1812 332 1865 τῶν
371 1817 450 1879 Λ,
484 1815 555 1877 Β,
588 1812 657 1877 Γ,
692 1815 771 1878 Δ,
806 1814 878 1876 Ε,
912 1813 1043 1878 ΘΚ,
1076 1814 1152 1878 Λ,
1185 1815 1255 1864 Μ
1298 1813 1435 1864 ἔστω
1484 1807 1513 1864 6
1564 1806 1749 1874 αὐτός.
1826 1810 1917 1863 καὶ

125 1921 188 1960 20
221 1895 415 1964 ὁσάκις
459 1897 488 1953 6
533 1903 580 1952 Ο
617 1895 718 1952 τὸν
760 1903 873 1952 ΖΗ
909 1909 1117 1968 μετρεῖ,
1155 1900 1423 1952 τοσαῦται
1470 1898 1710 1968 μονάδες
1758 1902 1918 1954 ἔστω-

220 2004 327 2042 σαν
377 1989 436 2043 ἐν
483 1990 559 2062 τῷ
608 1993 684 2041 Π·
727 1986 756 2041 ὁ
800 1993 863 2041 Π
905 1985 1013 2055 ἄρα
1060 1983 1160 2041 τὸν
1205 1991 1252 2040 Ο
1290 1988 1779 2053 πολλαπλασιάσας
1817 1987 1917 2043 τὸν

219 2081 339 2130 ΖΗ
369 2080 680 2146 πεποίηκεν.
759 2073 898 2130 ἀλλὰ
941 2073 1051 2145 μὴν
1090 2074 1182 2129 καὶ
1224 2072 1253 2130 6
1296 2082 1348 2130 E
1382 2074 1482 2131 τὸν
1524 2083 1579 2130 A
1609 2083 1918 2132 πολλαπλα-

219 2165 416 2229 σιάσας
461 2163 561 2219 τὸν
611 2169 730 2219 ΖΗ
769 2169 1089 2234 πεποίηκεν·
1131 2167 1282 2219 ἔστιν
1330 2162 1439 2235 ἄρα
1486 2162 1560 2229 ὡς
1611 2164 1640 2220 ὃ
1686 2171 1738 2220 Ε
1779 2165 1919 2237 πρὸς

218 2251 319 2308 τὸν
358 2259 440 2322 Π,
483 2276 511 2308 ο
557 2259 603 2307 0
640 2252 781 2325 πρὸς
818 2250 918 2308 τὸν
959 2259 1027 2307 A.
1088 2252 1180 2307 καὶ
1215 2253 1331 2308 ἐπεὶ
1363 2251 1472 2309 άπὸ
1506 2256 1753 2324 μονάδος
1793 2256 1917 2326 ἑξῆς

124 2364 186 2405 25
218 2339 505 2412 άνάλογόν
548 2346 691 2397 εἰσιν
733 2344 790 2397 οἱ
826 2349 895 2412 A,
928 2347 994 2411 Β,
1028 2346 1091 2412 Γ,
1128 2348 1200 2411 A,
1241 2342 1270 2397 6
1314 2349 1368 2397 A
1407 2341 1516 2414 ἄρα
1547 2342 1644 2399 ὑπ’
1683 2342 1918 2410 οὐδενὸς

338 2525 379 2563 2.
412 2518 482 2577 Ε]
517 2533 607 2565 om.
637 2519 690 2564 F.
814 2525 853 2564 3
887 2519 1001 2564 Post
1034 2523 1074 2563 E
1104 2519 1155 2564 in
1185 2520 1220 2563 F
1254 2520 1409 2565 insert
1448 2521 1488 2564 Θ
1517 2535 1577 2564 m.
1611 2525 1651 2565 2.
1778 2516 1916 2578 ἑξῆς]

218 2578 391 2623 om.F.
516 2574 827 2651 5.δή]οοιϊ.
862 2578 1238 2624 exdes'm.1F.
1362 2576 1915 2637 6.w3v]6inras..P

219 2642 290 2682 10.
323 2633 376 2695 6]
404 2637 522 2694 (alb.)
549 2634 611 2689 ὡς
636 2635 660 2682 6
687 2639 735 2682 F.
832 2645 899 2682 11
925 2639 988 2698 τῷ
1015 2642 1055 2683 Ε
1082 2641 1178 2689 ι”σος
1202 2639 1252 2685 F.
1339 2634 1464 2683 ἐστίν
1488 2637 1537 2683 Ρ.
1627 2643 1695 2684 12.
1725 2637 1849 2683 ἔστιν
1870 2639 1916 2684 Ρ.

218 2697 332 2755 ΖΞ]
364 2698 452 2745 ΞΖ
484 2697 534 2742 Ρ.
646 2703 713 2742 13.
750 2700 846 2748 ἴσος
880 2685 1003 2757 ἐστί]
1038 2711 1178 2756 supra
1208 2714 1269 2742 m.
1307 2705 1327 2741 1
1361 2699 1412 2742 F.
1530 2702 1598 2741 18.
1632 2694 1656 2742 6
1694 2699 1761 2756 O]
1797 2698 1915 2754 (alt.)

217 2770 358 2812 supra
388 2771 448 2800 m.
486 2761 508 2800 1
542 2757 592 2802 F.
689 2763 756 2803 19.
791 2753 845 2815 6]
881 2772 968 2802 om.
1003 2758 1052 2802 B.
1147 2763 1217 2801 21.
1245 2757 1320 2815 H]
1347 2757 1463 2813 (alt.)
1492 2759 1533 2801 Ο
1555 2757 1606 2801 Ρ.
1701 2758 1770 2815 Ο]
1796 2761 1845 2800 H
1866 2756 1914 2802 P.

217 2819 286 2860 22.
323 2815 440 2874 ΖΗ]
484 2819 534 2860 Η
573 2830 713 2873 supra
750 2832 811 2860 m.
848 2821 870 2860 1
905 2817 956 2862 F.
1109 2822 1180 2862 23.
1215 2817 1338 2874 ZH]
1380 2819 1414 2860 Z
1447 2830 1563 2860 eras.
1598 2816 1651 2860 V.
1803 2815 1917 2860 Post

215 2875 476 2931 πεποίηκεν
517 2875 622 2921 add.
663 2876 726 2919 F:
768 2874 792 2920 6
836 2873 929 2932 ἄρα
971 2873 1024 2920 ἐκ
1064 2877 1159 2921 τῶν
1192 2879 1254 2931 Ε,
1289 2881 1330 2919 A
1371 2877 1468 2927 ἴσος
1509 2873 1605 2920 ἐστὶ
1636 2878 1698 2934 τῷ
1736 2872 1789 2920 ἐκ
1821 2876 1914 2919 τῶν
