1988 3152
76 1091 131 1131 10

78 1533 131 1573 15

77 1977 134 2016 20

160 123 269 177 232
791 125 1128 170 ΣΤΟΙΧΕΙΩΝ
1159 124 1218 180 ζ’.

159 246 234 317 τῷ
289 240 439 318 αὐτῷ
495 242 644 318 λόγῳ
701 243 844 298 εἰσὶν
894 243 1190 310 ἐλάσσονες
1244 245 1400 313 ὅντες
1451 245 1662 303 αὐτῶν·
1718 245 1851 320 ὅπερ

162 331 311 387 ἐστὶν
343 328 658 386 ἀδύνατον·
696 329 1020 388 ὑπόκεινται
1058 333 1166 407 γὰρ
1200 338 1258 392 οἰ
1286 341 1407 406 ΓΛ,
1442 342 1544 391 ΕΖ
1578 334 1854 407 ἐλάχιστοι

160 422 273 475 τῶν
313 418 414 473 τὸν
453 415 630 474 αὐτὸν
668 419 841 491 λόγον
875 420 1116 493 ἐχόντων
1148 420 1358 489 αὐτοῖς.
1434 423 1536 480 οὐκ
1568 425 1677 496 ἄρα
1715 425 1852 496 μέρη

163 508 313 562 ἐστὶν
354 505 383 562 6
424 513 529 563 ΓΔ
565 511 667 564 τοῦ
707 516 781 564 A·
821 510 988 582 μέρος
1028 509 1153 582 ἄρα.
1217 513 1310 567 καὶ
1352 510 1381 568 6
1423 519 1526 569 ΕΖ
1563 516 1665 569 τοῦ
1703 519 1750 568 Β
1791 511 1853 568 τό

162 595 298 651 αὐτὸ
351 598 518 669 μέρος
573 599 749 671 ἐστίν,
807 598 941 671 ὅπερ
998 597 1027 655 ὁ
1077 605 1181 656 ΓΔ
1233 603 1336 656 τοῦ
1381 609 1457 656 Α·
1511 601 1693 667 ἰσάκις
1746 602 1856 674 ἄρα

162 685 191 744 6
249 689 352 740 ΓΔ
402 684 503 742 τὸν
557 694 611 742 Α
664 700 851 759 μετρεῖ
901 689 994 743 καὶ
1049 685 1078 744 6
1135 695 1239 744 ΕΖ
1285 688 1387 744 τὸν
1434 696 1503 744 Β·
1560 690 1694 761 ὅπερ
1744 693 1856 745 ἔδει

164 776 354 842 δεῖξαι.

956 878 1064 934 κα’.

278 985 360 1038 Οἱ
387 985 636 1053 πρῶτοι
667 979 830 1052 πρὸς
862 978 1191 1053 ἀλλήλους
1213 982 1495 1055 ἀριθμοὶ
1522 983 1864 1056 ἐλάχιστοί

165 1076 293 1128 εἰσι
333 1074 462 1127 τῶν
500 1069 616 1126 τὸν
657 1067 862 1125 αὐτὸν
902 1069 1106 1140 λόγον
1148 1070 1434 1142 ἐχόντων
1474 1070 1714 1139 αὐτοῖς.

258 1159 551 1216 ’Έστωσαν
605 1163 815 1232 πρῶτοι
872 1157 1011 1229 πρὸς
1065 1157 1340 1231 ἀλλήλους
1397 1159 1632 1232 ἀριθμοὶ
1687 1163 1744 1216 οἱ
1788 1170 1859 1233 A,

163 1257 231 1306 Β·
272 1250 441 1319 λέγω,
482 1248 568 1304 ὅτι
608 1250 668 1304 οἰ
701 1255 779 1318 A,
812 1253 859 1302 Β
901 1248 1183 1319 ἐλάχιστοί
1230 1252 1336 1304 εἰσι
1382 1253 1494 1305 τῶν
1540 1249 1641 1306 τὸν
1687 1248 1862 1306 αὐτὸν

163 1337 336 1409 λόγον
377 1338 619 1408 ἐχόντων
659 1333 864 1401 αὐτοῖς.

179 1402 214 1436 ⁶
277 1428 351 1480 Ec
398 1423 507 1495 γὰρ
559 1421 659 1494 μή,
715 1427 948 1479 ἔσονταί
995 1444 1142 1489 τινες
1195 1426 1308 1480 τῶν
1354 1433 1430 1495 A,
1464 1431 1511 1480 Β
1567 1425 1863 1494 ἐλάσσονες

164 1512 400 1586 ἀριθμοὶ
442 1514 503 1568 ἐν
541 1516 616 1588 τῷ
659 1509 808 1587 αὐτῷ
850 1511 999 1587 λόγῳ
1042 1510 1200 1577 ὄντες
1229 1523 1346 1578 τοῖς
1377 1520 1448 1583 A,
1481 1520 1542 1570 B.
1613 1519 1862 1572 ἔστωσαν

165 1605 224 1660 οἰ
259 1607 323 1673 Γ,
355 1607 426 1657 Δ.

272 1689 422 1746 Ἐπεὶ
478 1680 583 1744 οὖν
638 1689 696 1743 οἱ
748 1686 1026 1759 ἐλάχιστοι
1080 1685 1314 1759 ἀριθμοὶ
1367 1693 1482 1747 τῶν
1536 1689 1636 1747 τὸν
1692 1690 1865 1749 αὐτὸν

168 1779 339 1851 λόγον
380 1775 628 1850 ἐχόντων
668 1779 933 1847 μετροῦσι
971 1775 1105 1842 τοὺς
1143 1776 1244 1832 τὸν
1283 1775 1459 1834 αὐτὸν
1498 1778 1672 1851 λόγον
1712 1784 1865 1852 ἔχον·

165 1890 263 1934 τας
317 1866 498 1931 ἰσάκις
555 1864 587 1920 ὅ
632 1885 690 1920 τε
737 1868 936 1936 μείζων
981 1863 1083 1921 τὸν
1129 1869 1354 1936 μείζονα
1398 1867 1491 1922 καὶ
1539 1865 1568 1923 6
1621 1868 1864 1926 ἐλάττων

165 1956 269 2012 τὸν
318 1953 610 2023 ἐλάττονα,
656 1954 942 2009 τουτέστιν
998 1953 1030 2009 ὅ
1075 1975 1134 2010 τε
1179 1951 1495 2026 ἡγούμενος
1543 1955 1644 2012 τὸν
1697 1955 1865 2028 ἡγού-

166 2066 338 2117 μενον
386 2042 478 2098 καὶ
521 2038 550 2096 6
592 2040 863 2112 ἑπόμενος
902 2040 1003 2097 τὸν
1044 2040 1347 2113 ἑπόμενον,
1389 2043 1569 2110 ἰσάκις
1608 2043 1716 2117 ἄρα
1757 2043 1786 2101 6
1820 2051 1873 2102 Γ

164 2134 264 2191 τὸν
313 2140 365 2188 Α
414 2140 601 2203 μετρεῖ
642 2130 735 2185 καὶ
784 2127 814 2186 6
864 2137 918 2185 A
965 2128 1064 2187 τὸν
1112 2137 1174 2187 Β.
1253 2128 1445 2198 ὁσάκις
1493 2131 1562 2203 δὴ
1611 2131 1642 2189 6
1684 2138 1738 2189 Γ
1765 2132 1865 2190 τὸν

164 2229 219 2278 Α
266 2231 476 2294 μετρεῖ,
523 2222 787 2275 τοσαῦται
835 2218 1079 2290 μονάδες
1123 2223 1374 2276 ἔστωσαν
1422 2222 1482 2276 ἐν
1521 2224 1596 2297 τῷ
1637 2227 1700 2278 Ε.
1772 2223 1866 2279 καὶ

289 2374 327 2413 1.
362 2364 517 2434 ὄντες]
553 2380 641 2411 om.
676 2383 725 2422 φ.
849 2371 888 2411 2.
932 2363 1085 2426 ἐστίν]
1128 2367 1185 2422 Ρ,
1225 2382 1314 2412 om.
1355 2367 1546 2426 Bquo.
1671 2374 1711 2414 3.
1756 2367 1861 2429 τόν]

168 2444 256 2474 om.
291 2429 342 2473 B.
456 2422 624 2484 αυτόν]
658 2439 747 2470 om.
781 2442 830 2482 φ.
947 2431 987 2472 4.
1022 2427 1136 2485 ΕΖ]
1169 2427 1226 2482 Ρ;
1263 2429 1350 2470 ΕΖ
1380 2423 1474 2483 ἄρα
1505 2427 1698 2485 Βνρφ.
1823 2434 1864 2476 5.

169 2485 322 2538 ἰσάκις
360 2483 456 2543 α”ρα
489 2482 514 2530 ὁ
574 2487 656 2528 ΓΔ
695 2480 780 2529 τὸν
812 2489 848 2528 Α
917 2500 1011 2542 mg.
1045 2502 1096 2542 φ.
1159 2485 1379 2542 Sequitur
1419 2486 1680 2544 propositio
1728 2502 1866 2544 quae-

169 2547 280 2593 dam
310 2558 435 2590 noua
466 2544 516 2588 in
546 2543 747 2601 Bpr,
788 2557 816 2588 a
890 2544 1039 2590 boone
1070 2543 1379 2602 interpolata3
1420 2559 1510 2590 om.
1543 2546 1580 2590 P
1615 2546 1738 2602 (add.
1769 2561 1864 2605 mg.

167 2622 230 2652 m.
263 2606 374 2659 reo.)
407 2606 455 2648 et
487 2603 751 2660 Campanus
785 2604 844 2659 (u.
877 2618 922 2660 p.
956 2609 1042 2649 233
1075 2605 1212 2661 not.);
1257 2617 1300 2647 u.
1335 2617 1443 2661 app.
1565 2610 1606 2650 8.
1638 2602 1752 2665 xoe']
1786 2603 1863 2662 κγ’

168 2664 318 2721 BVp,
350 2664 387 2707 P
418 2678 478 2709 m.
511 2676 602 2707 reo.
729 2666 797 2708 10.
831 2660 951 2707 εἰσιν
989 2663 1085 2707 ΡΒ.
1214 2667 1281 2707 12.
1322 2662 1441 2708 εἰσιν
1479 2663 1530 2710 Ρ.
1655 2669 1722 2709 14.
1755 2664 1868 2710 Post

170 2720 233 2782 μή
265 2722 369 2766 add.
404 2722 586 2766 Theon:
628 2719 746 2765 εἰσιν
780 2717 829 2765 οἱ
855 2726 911 2778 A,
946 2726 982 2765 Β
1023 2717 1254 2778 ἐλάχιστοι
1293 2722 1386 2766 τῶν
1426 2718 1511 2766 τὸν
1543 2719 1692 2768 αὐτὸν
1724 2720 1866 2781 λόγον

171 2779 378 2840 ἐχόντων
411 2776 574 2831 αὐτοῖς
603 2780 828 2837 (Bquo).
955 2785 1023 2825 15.
1058 2781 1123 2839 B]
1166 2795 1279 2826 corr,
1314 2794 1371 2825 ex
1403 2783 1447 2824 Γ
1473 2796 1534 2825 m.
1569 2787 1591 2826 1
1626 2798 1670 2839 p.
1794 2787 1864 2827 18.

174 2838 382 2898 ἐχόντων
414 2836 577 2890 αὐτοῖς
606 2838 750 2896 me.
847 2844 915 2883 19.
950 2835 979 2884 ’ὅ
1009 2841 1079 2898 τε]
1115 2835 1188 2884 ὅτι
1213 2857 1262 2896 φ.
1328 2835 1534 2884 ἐλάσσων
1559 2841 1700 2898 Vpaep.
1793 2846 1864 2887 20.

173 2897 404 2945 ἐλάσσονα
436 2898 577 2956 Vpaep.
699 2896 910 2942 τουτέστι
943 2915 993 2954 φ.
1099 2903 1108 2909 “
