1988 3152
193 93 266 145 54
831 94 1170 138 ΣΤΟῙΧΕῙΩΝ
1201 91 1258 139 ε’.

299 209 430 267 Ἐὰν
470 211 578 285 ἄρα
619 214 929 285 διῃρημένα
967 213 1177 285 μεγέθη
1219 210 1503 283 ἀνάλογον
1535 206 1589 286 ᾖ,
1627 214 1718 269 καὶ
1753 230 1884 270 συν-

190 301 425 356 τεθέντα
464 299 747 371 ἆνάλογον
789 304 962 357 ἔσται·
1025 300 1158 375 ὅπερ
1200 305 1312 357 ἔδει
1353 303 1542 368 δεῖξαι.

987 450 1088 506 ιθ’.

296 546 442 604 Ἐὰν
480 543 517 622 ᾗ
549 539 632 616 ὥς
664 548 822 607 ὅλον
854 551 1015 625 πρὸς
1047 551 1231 623 ὅλον,
1272 550 1478 618 οὕτως
1510 551 1882 626 ἀφαιρεθὲν

132 650 158 689 5
190 635 352 709 πρὸς
406 636 804 713 ἀφαιρεθέν,
858 641 966 696 καὶ
1016 639 1085 696 τὸ
1139 639 1374 697 λοιπὸν
1421 638 1582 712 πρὸς
1630 642 1699 697 τὸ
1749 648 1883 699 λοι-

189 724 312 782 πὸν
353 730 535 782 ἔσται
576 725 657 793 ὡς
696 726 853 784 ὅλον
892 726 1055 801 πρὸς
1095 727 1268 785 ὅλον.

286 813 467 871 ’Ἐστω
506 814 613 887 γὰρ
655 813 730 881 ὡς
770 815 906 872 ὅλον
944 815 1006 872 τὸ
1039 824 1147 872 AB
1187 816 1325 890 πρὸς
1365 817 1500 874 ὅλον
1539 818 1602 874 τὸ
1632 824 1753 891 ΓΔ,
1795 818 1885 875 οῧ-

190 924 297 968 τως
335 900 650 976 ἀφαιρεθὲν
689 904 751 960 τὸ
779 913 831 960 Α
843 912 895 960 Ε
929 903 1067 978 πρὸς
1107 903 1420 978 ἀφαιρεθὲν
1459 905 1522 963 τὸ
1548 912 1669 962 ΓΖ·
1712 909 1885 979 agyam,

190 989 275 1047 ὅτι
313 991 405 1047 καὶ
444 991 645 1049 λοιπὸν
683 991 745 1048 τὸ
787 999 891 1048 ΕΒ
931 992 1069 1067 πρὸς
1108 993 1306 1050 λοιπὸν
1345 994 1407 1051 τὸ
1450 1001 1562 1050 ΖΔ
1609 999 1759 1051 ἔσται
1810 995 1884 1063 ὡς

105 1091 159 1131 10
193 1078 328 1136 ὅλον
367 1078 428 1136 τὸ
470 1087 578 1136 ΑΒ
618 1081 758 1155 πρὸς
797 1080 936 1138 ὅλον
973 1082 1035 1138 τὸ
1076 1086 1194 1138 ΓΛ.

99 1535 152 1575 15

77 1986 155 2027 ·20

99 2428 156 2470 25

295 1168 443 1226 Ἐπεὶ
481 1169 589 1243 γάρ
630 1171 780 1227 ἐστιν
821 1168 896 1236 ὡς
932 1169 995 1227 τὸ
1029 1177 1138 1226 ΑΒ
1178 1170 1318 1244 πρὸς
1355 1169 1417 1228 τὸ
1452 1177 1572 1244 ΓΔ,
1614 1172 1790 1240 οὕτως
1821 1174 1883 1230 τὸ

186 1264 302 1313 ΑΕ
351 1257 490 1331 πρὸς
542 1258 603 1315 τὸ
645 1264 770 1330 ΓΖ,
825 1260 918 1315 καὶ
967 1258 1201 1327 ἐναλλὰξ
1250 1257 1325 1325 ὥς
1374 1259 1436 1316 τὸ
1478 1267 1590 1317 ΒΑ
1636 1261 1775 1335 πρὸς
1821 1262 1883 1319 τὸ

187 1353 314 1418 ΑΕ,
357 1345 534 1413 οὕτως
570 1346 632 1403 τὸ
667 1353 785 1403 ΛΓ
816 1346 953 1420 πρὸς
990 1347 1053 1405 τὸ
1078 1353 1192 1404 ΓΖ.
1264 1349 1357 1404 καὶ
1399 1350 1513 1405 ἐπεὶ
1554 1355 1886 1423 συγκείμενα

187 1436 396 1507 μεγέθη
460 1434 746 1507 ἀνάλογόν
803 1439 979 1507 ἐστιν,
1039 1438 1132 1492 καὶ
1189 1438 1547 1510 διαιρεθέντα
1601 1437 1885 1511 ἀνάλογον

188 1528 365 1595 ἔσται,
414 1522 488 1590 ὡς
533 1523 596 1580 τὸ
638 1531 753 1580 ΒΕ
797 1524 937 1599 πρὸς
982 1525 1045 1582 τὸ
1087 1533 1222 1597 ΕΑ,
1271 1525 1450 1593 οὕτως
1494 1527 1556 1583 τὸ
1599 1535 1710 1584 ΔΖ
1749 1527 1888 1602 πρὸς

186 1611 249 1669 τὸ
291 1618 416 1669 ΓΖ·
477 1613 570 1669 καὶ
610 1613 862 1685 ἐναλλάξ,
904 1611 980 1680 ὥς
1016 1613 1079 1670 τὸ
1120 1620 1231 1670 ΒΕ
1265 1614 1406 1688 πρὸς
1443 1615 1506 1672 τὸ
1541 1621 1668 1686 ΔΖ,
1710 1615 1886 1682 οὕτως

186 1700 248 1757 τὸ
287 1708 398 1758 ΕΑ
436 1701 574 1775 πρὸς
611 1702 673 1758 τὸ
718 1707 832 1759 ΖΓ.
895 1700 969 1768 ὡς
1010 1702 1071 1758 δὲ
1110 1701 1171 1758 τὸ
1217 1709 1332 1759 ΑΕ
1366 1703 1505 1778 πρὸς
1542 1703 1604 1760 τὸ
1639 1709 1754 1777 ΓΖ,
1794 1704 1888 1761 οὕ-

186 1812 293 1855 τως
343 1788 631 1847 ὑπόκειται
679 1790 814 1848 ὅλον
860 1790 923 1846 τὸ
965 1797 1072 1846 ΑΒ
1120 1791 1260 1863 πρὸς
1307 1791 1443 1849 ὅλον
1488 1791 1551 1849 τὸ
1593 1797 1710 1848 ΓΔ.
1792 1793 1886 1849 καὶ

186 1877 387 1935 λοιπὸν
427 1877 537 1952 ἄρα
575 1878 637 1936 τὸ
662 1886 767 1936 ΕΒ
807 1878 947 1953 πρὸς
985 1879 1186 1935 λοιπὸν
1224 1878 1285 1936 τὸ
1315 1886 1425 1935 ΖΔ
1457 1885 1609 1937 ἔσται
1642 1879 1716 1947 ὡς
1748 1879 1884 1938 ὅλον

187 1964 250 2023 τὸ
291 1974 399 2023 ΑΒ
440 1966 578 2041 πρὸς
618 1966 755 2024 ὅλον
792 1967 855 2024 τὸ
898 1972 1016 2025 ΓΔ.

295 2055 427 2112 Ἐὰν
467 2055 578 2129 ἄρα
615 2050 650 2131 ᾖ
692 2055 766 2124 ὥς
806 2055 942 2113 ὅλον
981 2055 1119 2130 πρὸς
1159 2055 1313 2128 ὅλον,
1355 2055 1533 2124 οὕτως
1572 2055 1886 2131 ἀφαιρεθὲν

187 2143 327 2218 πρὸς
366 2143 697 2217 ἀφαιρεθέν,
738 2146 830 2201 καὶ
868 2143 930 2201 τὸ
972 2145 1171 2202 λοιπὸν
1210 2145 1350 2219 πρὸς
1388 2145 1450 2203 τὸ
1494 2146 1693 2203 λοιπὸν
1734 2152 1886 2204 ἔσται

191 2231 264 2299 ὡς
304 2231 441 2289 ὅλον
479 2232 618 2306 πρὸς
657 2232 794 2289 ὅλον
835 2232 994 2307 [ὅπερ
1035 2238 1148 2290 ἔδει
1187 2237 1402 2305 δεῖξαι].

304 2322 439 2390 [Καὶ
479 2322 594 2378 ἐπεὶ
634 2323 859 2394 ἐδείχθη
902 2321 976 2388 ὥς
1014 2321 1078 2379 τὸ
1118 2329 1226 2379 AB
1266 2323 1404 2396 πρὸς
1442 2323 1504 2380 τὸ
1545 2329 1666 2395 ΓΔ,
1707 2323 1884 2391 οὕτως

187 2408 250 2466 τὸ
284 2415 388 2466 ΕΒ
429 2409 566 2482 πρὸς
604 2409 667 2465 τὸ
703 2416 838 2482 ΖΔ,
877 2411 969 2466 καὶ
1009 2411 1245 2478 ἐναλλὰξ
1286 2410 1361 2478 ὥς
1398 2412 1460 2469 τὸ
1495 2419 1604 2469 ΑΒ
1644 2412 1782 2487 πρὸς
1821 2412 1883 2469 τὸ

189 2505 299 2554 ΒΕ
328 2497 503 2565 οὕτως
532 2498 594 2555 τὸ
622 2504 725 2555 ΓΔ
748 2499 887 2572 πρὸς
909 2498 971 2555 τὸ
1000 2506 1128 2571 ΖΔ,
1165 2505 1498 2573 συγκείμενα
1529 2500 1639 2574 ἄρα
1674 2503 1883 2574 μεγέθη

189 2585 476 2659 ἀνάλογόν
516 2588 688 2644 ἐστιν·
753 2591 977 2660 ἐδείχθη
1019 2588 1082 2645 δὲ
1122 2586 1195 2655 ὡς
1233 2589 1295 2646 τὸ
1337 2596 1451 2646 ΒΑ
1487 2589 1627 2663 πρὸς
1657 2591 1720 2646 τὸ
1755 2597 1885 2661 ΑΕ,

191 2673 370 2741 οὕτως
407 2675 470 2731 τὸ
514 2683 630 2733 ΔΓ
662 2676 800 2749 πρὸς
838 2677 900 2733 τὸ
934 2683 1059 2733 ΓΖ·
1127 2682 1227 2734 καί
1254 2680 1403 2735 ἐστιν
1437 2677 1886 2753 ἀναστρέψαντι]

313 2815 352 2854 1.
355 2802 446 2880 ᾖ]
482 2808 612 2855 ἔσται
643 2827 678 2866 φ
713 2812 820 2867 (non
847 2809 914 2867 F).
1037 2817 1078 2856 2.
1116 2809 1264 2870 ἔσται]
1294 2825 1410 2857 eras.
1436 2812 1486 2856 F.
1611 2817 1651 2858 8.
1684 2808 1879 2870 ἀφαιρε-

192 2865 287 2914 θὲν
319 2864 370 2913 τὸ
405 2871 494 2913 ΑΕ
525 2865 662 2928 πρός]
694 2884 787 2926 mg.
820 2885 881 2914 m.
916 2875 941 2914 2
975 2869 1023 2915 F.
1149 2876 1189 2917 9.
1223 2867 1358 2930 πρός]
1399 2868 1515 2928 πρὸς
1553 2867 1605 2915 τό
1640 2876 1883 2928 φ.10.
