1988 3152
279 99 352 152 30
917 100 1253 143 ΣΤΟΙΧΕΙΩΝ
1284 115 1305 143 ε
1315 97 1342 143 ’.

279 215 420 273 ὥστε
469 218 638 273 πάλιν
684 215 746 272 τὸ
796 223 914 272 ΖΗ
951 219 1054 272 τοῦ
1093 222 1167 271 Μ
1198 216 1300 273 οὔκ
1340 219 1490 273 ἐστιν
1524 222 1773 273 ἔλασσον.
1853 230 1966 289 μεῖ-

280 312 374 373 ζον
426 307 488 362 δὲ
532 305 594 361 τὸ
641 311 755 360 ΗΘ
800 309 903 361 τοῦ
951 313 1027 360 Δ·
1076 305 1212 362 ὅλον
1259 305 1368 376 ἄρα
1407 305 1471 362 τὸ
1506 312 1608 361 ΖΘ
1637 310 1752 362 τῶν
1787 314 1858 376 Δ,
1883 313 1967 376 M,

276 396 526 451 τουτέστι
549 397 651 449 τοῦ
676 399 749 465 N,
772 391 1039 466 ὑπερέχει.
1095 394 1157 450 τὸ
1186 395 1248 450 δὲ
1272 401 1330 449 Κ
1351 399 1454 450 τοῦ
1481 401 1544 449 Ν
1563 392 1666 466 οὐχ
1697 384 1966 467 ὑπερέχει,

280 481 574 551 ἐπειδήπερ
621 481 714 536 καὶ
761 479 824 537 τὸ
874 488 994 536 ΖΗ
1030 488 1218 554 μεῖζον
1266 479 1335 539 ὂν
1381 486 1483 538 τοῦ
1531 488 1670 553 ΗΘ,
1716 485 1966 539 τουτέστι

220 583 246 620 5
278 573 379 626 τοῦ
434 576 513 640 Κ,
567 578 669 626 τοῦ
724 576 790 625 Ν
837 569 940 641 οὐχ
1001 570 1267 644 ὑπερέχει.
1351 573 1442 627 καὶ
1491 570 1754 637 ὡσαύτως
1807 594 1968 627 κατα-

278 662 691 724 κολουθοῦντες
734 671 851 724 τοῖς
902 659 1087 715 ἐπάνω
1134 666 1471 732 περαίνομεν
1517 660 1619 731 τὴν
1666 659 1966 726 ἀπόδειξιν.

397 750 524 802 Τῶν
563 745 672 817 ἄρα
712 745 926 802 ἀνίσων
959 752 1218 818 μεγεθῶν
1248 748 1311 804 τὸ
1346 754 1533 820 μεῖζον
1564 748 1702 819 πρὸς
1731 748 1794 804 τὸ
1828 746 1964 804 αὐτὸ

279 839 503 905 μείζονα
553 834 726 904 λόγον
781 839 890 906 ἔχει
944 834 1083 908 ἥπερ
1136 835 1197 891 τὸ
1252 840 1505 892 ἔλαττον·
1558 837 1650 892 καὶ
1712 836 1774 892 τὸ
1830 835 1966 892 αὐτὸ

277 921 418 995 πρὸς
477 921 540 978 τὸ
596 927 823 978 ἔλαττον
869 928 1094 993 μείζονα
1146 924 1319 994 λόγον
1367 930 1476 996 ἔχει
1530 925 1669 997 ἥπερ
1710 925 1849 997 πρὸς
1901 925 1963 981 τὸ

191 1021 246 1061 10
279 1016 486 1082 μεῖζον·
527 1009 663 1082 ὅπερ
704 1015 816 1067 ἔδει
857 1014 1046 1078 δεῖξαι.

1079 1174 1161 1230 θ’.

395 1276 481 1333 Τὰ
528 1276 688 1349 πρὸς
733 1276 802 1333 τὸ
856 1277 1014 1334 αὐτὸ
1063 1276 1178 1335 τὸν
1225 1277 1429 1334 αὐτὸν
1478 1284 1711 1351 ἔχοντα
1761 1279 1966 1350 λόγον

278 1372 384 1421 ἴσα
436 1365 748 1438 ἀλλήλοις
795 1369 1000 1422 ἐστίν·
1051 1368 1159 1422 καὶ
1210 1367 1376 1439 πρὸς
1431 1366 1465 1422 ἃ
1519 1367 1590 1424 τὸ
1638 1366 1796 1423 αὐτὸ
1852 1367 1967 1425 τὸν

276 1452 479 1511 αὐτὸν
521 1459 651 1527 ἔχει
692 1455 915 1527 λόγον,
956 1457 1180 1511 ἐκεῖνα
1219 1463 1328 1511 ἴσα
1368 1457 1562 1513 ἐστίν.

188 1553 240 1591 15
381 1541 578 1615 Ἐχέτω
631 1542 740 1615 γὰρ
796 1543 1059 1615 ἑκάτερον
1112 1547 1227 1600 τῶν
1283 1551 1434 1613 Α,Β
1488 1545 1627 1617 πρὸς
1664 1545 1726 1602 τὸ
1776 1552 1829 1601 Γ
1866 1545 1967 1603 τὸν

275 1629 448 1687 αὐτὸν
489 1631 684 1702 λόγον·
724 1633 892 1702 λέγω,
934 1631 1021 1688 ὅτι
1060 1639 1188 1689 ἴσον
1228 1634 1343 1688 ἐστὶ
1382 1632 1444 1689 τὸ
1486 1642 1539 1689 Α
1577 1639 1653 1711 τῷ
1687 1641 1752 1690 Β.

385 1724 459 1774 Εἰ
495 1719 601 1793 γὰρ
642 1719 736 1792 μή,
778 1719 880 1776 οὐκ
918 1718 993 1777 ἄν
1033 1722 1299 1793 ἑκάτερον
1330 1726 1444 1778 τῶν
1478 1731 1547 1792 A,
1574 1729 1620 1778 Β
1653 1722 1793 1795 πρὸς
1824 1722 1886 1779 τὸ
1921 1729 1973 1779 Γ

273 1807 372 1864 τὸν
421 1806 594 1864 αὐτὸν
641 1806 752 1880 εἶχε
798 1808 991 1879 λόγον·
1043 1814 1151 1881 ἔχει
1199 1812 1284 1866 δέ·
1331 1817 1457 1866 ἴσον
1506 1810 1615 1881 ἄρα
1655 1812 1769 1867 ἐστὶ
1809 1810 1872 1867 τὸ
1914 1821 1966 1867 Α

273 1919 350 1954 ω
383 1903 445 1977 132

187 1996 243 2036 20
382 1981 577 2059 Ἐχέτω
630 1986 701 2058 δὴ
748 1987 918 2043 πάλιν
968 1986 1031 2043 τὸ
1079 1993 1133 2043 Γ
1170 1987 1308 2060 πρὸς
1355 1987 1615 2055 ἑκάτερον
1661 1991 1775 2043 τῶν
1815 1996 1892 2058 A,
1918 1995 1964 2043 Β

275 2075 375 2132 τὸν
415 2075 590 2133 αὐτὸν
627 2075 826 2147 λόγον·
866 2077 1034 2147 λέγω,
1059 2075 1163 2151 ,ὅτι
1204 2083 1330 2133 ἴσον
1370 2077 1484 2133 ἐστὶ
1522 2075 1584 2132 τὸ
1626 2084 1678 2132 Α
1708 2079 1784 2152 τῷ
1819 2083 1881 2132 Β.

389 2168 463 2220 Εἰ
499 2164 606 2237 γὰρ
647 2164 739 2236 μή,
781 2164 886 2221 οὐκ
925 2162 1000 2220 ἂν
1037 2164 1100 2221 τὸ
1134 2171 1188 2220 Γ
1210 2163 1349 2237 πρὸς
1380 2165 1643 2237 ἑκάτερον
1673 2169 1789 2220 τῶν
1820 2173 1890 2235 A,
1916 2171 1963 2220 Β

275 2252 376 2310 τὸν
424 2251 599 2308 αὐτὸν
647 2250 757 2324 εἶχε
803 2252 998 2323 λόγον·
1046 2257 1157 2325 ἔχει
1205 2254 1288 2308 δέ·
1337 2259 1463 2309 ἴσον
1503 2251 1613 2324 ἄρα
1653 2253 1767 2308 ἐστὶ
1806 2252 1869 2309 τὸ
1911 2262 1963 2309 A

276 2345 352 2418 τῷ
385 2348 448 2398 Β.
1555 2332 1560 2336 ’

187 2438 243 2478 25
395 2428 474 2485 Τὰ
523 2428 632 2501 ἄρα
678 2428 817 2502 πρὸς
862 2429 925 2486 τὸ
976 2427 1112 2486 αὐτὸ
1160 2427 1260 2486 τὸν
1307 2429 1483 2487 αὐτὸν
1538 2435 1736 2503 ἔχοντα
1790 2430 1963 2502 λόγον

277 2527 371 2575 ἴσα
417 2519 681 2591 ἀλλήλοις
726 2521 899 2574 ἐστίν·
947 2519 1039 2574 καὶ
1087 2517 1225 2591 πρὸς
1270 2516 1306 2574 ἃ
1353 2518 1416 2576 τὸ
1465 2518 1602 2575 αὐτὸ
1643 2518 1745 2575 τὸν
1786 2517 1963 2575 αὐτὸν

276 2613 383 2679 ἔχει
425 2607 624 2679 λόγον,
666 2610 850 2664 ἐκεῖνα
890 2615 983 2663 ἴσα
1023 2610 1195 2666 ἐστίν·
1236 2608 1371 2680 ὅπερ
1411 2612 1524 2664 ἔδει
1563 2610 1781 2675 δεῖξαι.ι

399 2762 437 2800 1.
471 2753 559 2801 οὔκ
602 2754 727 2801 ἔστιν
771 2752 987 2814 ἔλασσον]
1036 2753 1099 2814 μὴ
1143 2755 1337 2801 ἔλασσον
1377 2753 1502 2800 εἶναι
1533 2756 1582 2802 Ρ.
1648 2754 1839 2801 ἔλαττον
1869 2757 1961 2815 Fp.

336 2821 376 2860 2.
411 2816 522 2873 τῶν]
556 2815 640 2860 τοῦ
675 2814 766 2872 Bp.
889 2820 930 2858 3.
962 2814 1203 2860 τουτέστιν
1233 2815 1283 2861 Ρ.
1407 2811 1494 2872 οὐχ
1524 2811 1767 2873 ὑπερέχει]
1793 2812 1960 2871 ὑπερέ-

276 2891 349 2932 χει
394 2871 616 2931 οὖδαμῶς
646 2874 706 2919 V.
843 2879 882 2917 4.
918 2869 1175 2932 ἐπειδήπερ
1209 2901 1261 2907 -
1298 2872 1590 2933 5εὖπερέχει]
1629 2888 1722 2931 mg.
1756 2890 1817 2919 m.
1853 2881 1875 2919 1
1909 2876 1959 2920 F.
