1988 3152
123 1102 177 1142 10

121 1546 176 1586 15

119 2055 177 2095 20

119 2496 176 2538 25

211 165 319 218 278
850 164 1185 208 ΣΤΟῙΧΕῙῼΝ
1215 161 1282 220 η’.

323 284 436 339 Καὶ
485 283 601 339 ἐπεὶ
649 285 706 338 οἷ
743 289 818 350 Ε,
852 289 897 337 Ζ
945 281 1229 354 ἐλάχιστοί
1273 285 1380 338 εἰσι
1427 285 1540 338 τῶν
1586 280 1688 338 τὸν
1729 278 1906 337 αὐτὸν

211 373 384 445 λόγον
432 373 676 444 ἐχόντων
724 370 939 442 αὐτοῖς,
988 375 1197 444 πρῶτοι
1244 369 1384 442 πρὸς
1431 368 1707 442 ἀλλήλους
1747 372 1906 426 εἰσίν.

210 462 303 516 καὶ
352 460 467 516 ἐπεὶ
515 459 772 533 ἑκάτερος
817 463 934 516 τῶν
982 466 1057 531 Ε,
1089 455 1134 515 Ζ
1182 459 1385 515 ἑαυτὸν
1439 459 1542 531 μὲν
1595 465 1908 514 πολλαπλα-

211 549 409 615 σιάσας
456 549 718 622 ἑκάτερον
764 551 879 604 τῶν
928 554 1010 619 Η,
1044 554 1102 604 Κ
1150 552 1476 619 πεποίηκεν,
1533 547 1796 619 ἑκάτερον
1846 547 1908 602 δὲ

209 647 323 694 τῶν
371 643 455 708 Η,
490 644 547 693 Κ
590 637 1083 702 πολλαπλασιάσας
1130 637 1395 709 ἑκάτερον
1450 640 1565 692 τῶν
1618 642 1693 706 Λ,
1725 638 1775 698 Ξ
1816 656 1906 691 πε-

209 731 468 797 ποίηκεν,
507 726 601 782 καὶ
641 729 699 783 οἰ
733 732 809 797 Η,
843 732 899 781 Κ
935 725 1046 799 ἄρα
1084 727 1176 781 καὶ
1219 729 1277 781 οἱ
1318 731 1393 796 A,
1427 727 1476 788 Ξ
1519 729 1730 797 πρῶτοι
1767 723 1908 797 πρὸς

209 813 490 887 ἀλλήλους
544 819 704 871 εἰσίν.
779 816 871 870 καὶ
922 815 1037 870 ἐπεὶ
1085 817 1143 870 oc
1194 822 1272 884 A,
1306 820 1379 884 Β,
1415 818 1484 884 Γ,
1520 820 1575 868 A
1629 812 1913 885 ἐλάχιστοί

210 908 317 959 εἰσι
362 907 478 961 τῶν
524 903 627 960 τὸν
676 901 852 959 αὐτὸν
899 903 1072 974 λόγον
1123 903 1367 975 ἐχόντων
1410 900 1626 971 αὐτοῖς,
1683 902 1790 957 εἰσὶ
1846 901 1908 958 δὲ

208 982 319 1047 καῖ
342 995 402 1049 οἱ
438 999 506 1064 Λ,
540 999 622 1063 Μ,
656 999 732 1063 Ν,
757 995 806 1056 Ξ
842 991 1118 1063 ἐλάχιστοι
1160 994 1220 1047 ἐν
1259 995 1334 1068 τῷ
1378 990 1528 1067 αὐτῷ
1569 991 1717 1065 λόγῳ
1751 989 1908 1057 ὄντες

209 1093 325 1146 τοῖς
377 1090 454 1153 Α,
487 1088 561 1151 Β,
594 1087 663 1153 Γ,
698 1090 777 1152 A,
824 1087 922 1136 καί
957 1082 1108 1136 ἐστιν
1149 1086 1275 1135 ἴσον
1314 1078 1377 1135 τὸ
1430 1083 1648 1150 πλῆθος
1685 1082 1798 1135 τῶν
1838 1086 1908 1148 Α,

210 1177 283 1240 Β,
316 1177 388 1242 Γ,
422 1179 477 1226 A
523 1175 598 1246 τῷ
644 1171 852 1242 πλήθει
899 1173 1016 1226 τῶν
1063 1176 1138 1240 Λ,
1170 1176 1262 1240 Μ,
1295 1175 1378 1240 Ν,
1412 1171 1483 1239 Ξ,
1524 1170 1750 1234 ἕκαστος
1797 1165 1907 1239 ἄρα

208 1263 323 1314 τῶν
364 1268 435 1330 A,
467 1266 534 1331 Β,
565 1265 630 1330 Γ,
662 1266 717 1314 A
757 1258 968 1334 ἑκάστῳ
1008 1267 1122 1315 τῶν
1163 1264 1232 1328 Λ,
1267 1264 1345 1329 M,
1382 1263 1457 1327 N,
1490 1259 1539 1319 Ξ
1575 1263 1694 1321 ἴσος
1734 1257 1906 1311 ἐστίν·

210 1354 329 1414 ἴσος
376 1347 486 1421 ἄρα
535 1348 685 1404 ἐστὶν
735 1345 764 1403 6
815 1347 919 1419 μὲν
958 1355 1011 1403 Α
1048 1349 1123 1423 τῷ
1166 1352 1239 1417 A,
1287 1343 1316 1401 6
1367 1344 1428 1400 δὲ
1469 1351 1525 1399 A
1562 1347 1638 1420 τῷ
1678 1346 1739 1407 Ξ.
1814 1347 1914 1398 καί

210 1440 353 1492 εἰσιν
401 1440 460 1492 οἱ
504 1444 584 1508 A,
612 1439 662 1501 Ξ
704 1441 914 1509 πρῶτοι
961 1434 1099 1508 πρὸς
1144 1433 1436 1506 ἀλλήλους.
1514 1434 1607 1489 καὶ
1648 1435 1706 1488 οἱ
1742 1440 1818 1502 Α,
1853 1439 1907 1487 A

209 1525 317 1595 ἄρα
357 1528 567 1598 πρῶτοι
605 1523 743 1597 πρὸς
781 1522 1058 1596 ἀλλήλους
1098 1527 1266 1580 εἰσίν·
1309 1521 1444 1595 ὅπερ
1486 1526 1598 1578 ἔδει
1641 1523 1831 1588 δεῖξαι.

1022 1671 1096 1727 δ’.

321 1761 556 1834 Λόγων
597 1764 942 1819 δοθέντων
983 1759 1376 1817 ὁποσωνοῦν
1418 1762 1486 1816 ἐν
1534 1761 1907 1830 ἐλαχίστοις

208 1848 527 1922 ἀριθμοῖς
574 1849 909 1922 ἀριθμοὺς
953 1847 1177 1922 εὑρεῖν
1219 1849 1361 1919 ἑξῆς
1392 1846 1729 1919 ἀνάλογον
1763 1849 1905 1903 ἐλα·

209 1944 477 2012 χίστους
518 1941 585 1995 ἐν
624 1951 762 2004 τοῖς
802 1942 1067 1994 δοθεῖσι
1107 1937 1345 2008 λόγοις.

306 2026 601 2084 ’Ἑστωσαν
649 2030 706 2083 οἱ
759 2028 1025 2092 δοθέντες
1078 2026 1235 2098 λόγοι
1285 2029 1345 2082 ἐν
1393 2027 1699 2097 ἐλαχίστοις
1746 2022 1906 2098 ἀριθ-

208 2127 333 2188 μοῖς
396 2117 428 2173 6'
481 2139 539 2172 τε
597 2121 697 2172 τοῦ
754 2125 807 2172 Α
863 2115 1003 2188 πρὸς
1055 2114 1156 2171 τὸν
1204 2122 1250 2171 Β
1297 2116 1389 2171 καὶ
1446 2114 1474 2171 6
1523 2119 1624 2171 τοῦ
1671 2119 1724 2170 Γ
1770 2113 1906 2185 πρὸς

207 2205 309 2261 τὸν
360 2213 415 2261 A
461 2205 553 2260 καὶ
602 2209 681 2260 ἔτι
730 2203 760 2261 6
808 2207 909 2261 τοῦ
958 2211 1010 2260 Ε
1051 2203 1191 2277 πρὸς
1237 2203 1338 2260 τὸν
1380 2210 1447 2259 Ζ·
1497 2207 1586 2259 δεῖ
1629 2202 1698 2274 δὴ
1741 2200 1904 2273 ἀριθ-

209 2294 348 2365 μοὺς
388 2293 574 2368 εὑρεῖν
614 2295 738 2366 ἑξῆς
778 2291 1063 2365 ἀνάλογον
1104 2295 1425 2365 ἐλαχίστους
1471 2296 1534 2348 ἔν
1580 2314 1638 2347 τε
1687 2295 1763 2366 τῷ
1802 2294 1904 2347 τοῦ

209 2392 262 2438 A
308 2382 448 2455 πρὸς
492 2382 594 2439 τὸν
642 2389 688 2438 Β
737 2381 886 2457 λόγῳ
935 2382 1027 2437 καὶ
1075 2384 1136 2437 ἐν
1182 2385 1257 2457 τῷ
1299 2385 1399 2437 τοῦ
1441 2385 1494 2436 Γ
1531 2379 1670 2452 πρὸς
1708 2378 1808 2435 τὸν
1850 2386 1905 2433 A

209 2471 300 2526 καὶ
340 2475 417 2526 ἔτι
459 2473 519 2527 ἐν
558 2480 634 2546 τῷ
675 2474 776 2526 τοῦ
815 2476 868 2525 Ε
904 2469 1043 2541 πρὸς
1081 2469 1180 2526 τὸν
1218 2476 1278 2525 Ζ.
1983 2463 1986 2468 “

322 2560 601 2632 Εἰλήφθω
642 2558 749 2634 γὰρ
790 2557 819 2615 6
860 2556 970 2615 ὑπὸ
1011 2562 1123 2615 τῶν
1164 2565 1236 2628 Β,
1268 2563 1321 2614 Γ
1354 2558 1638 2629 ἐλάχιστος
1676 2556 1904 2629 μετρού-

210 2670 377 2720 μενος
426 2645 670 2719 ἀριθμὸς
732 2646 762 2704 6
818 2653 890 2705 Η.
966 2647 1059 2702 καὶ
1115 2643 1308 2712 ὁσάκις
1364 2645 1467 2717 μὲν
1514 2643 1543 2701 6
1593 2651 1641 2700 Β
1698 2645 1798 2702 τὸν
1846 2650 1912 2700 Η

332 2773 371 2811 1.
403 2765 485 2810 καὶ
517 2763 629 2810 ἐπεί
650 2793 703 2799 -
730 2771 778 2810 3:
814 2761 987 2811 ἑαυτὸν
1019 2762 1126 2823 μέν]
1161 2763 1211 2809 οῖ
1238 2760 1331 2820 ἄρα
1363 2760 1500 2819 ἄκροι
1530 2761 1686 2808 αὐτῶν
1712 2761 1761 2808 οἷ
1780 2767 1833 2819 A,
1860 2764 1905 2810 Ξ

210 2826 388 2880 πρῶτοι
418 2822 536 2881 πρὸς
560 2821 787 2881 ἀλλήλους
812 2824 945 2870 εἰσίν.
1011 2821 1114 2869 ἐπεὶ
1145 2820 1235 2881 γὰρ
1268 2821 1317 2868 οἱ
1337 2826 1392 2879 Ε,
1421 2826 1456 2867 Ζ
1479 2824 1656 2880 πρῶτοι
1682 2819 1904 2879 ἑκάτερος

211 2884 263 2930 δὲ
296 2881 458 2930 αὐτῶν
493 2880 665 2929 ἔαυτόν
690 2885 852 2929 Theon
885 2885 1073 2940 (Bth).
1170 2888 1208 2927 1.
1245 2881 1362 2927 εἰσιν
1387 2883 1435 2927 Ρ.
1530 2887 1572 2927 4.
1606 2881 1676 2940 K]
1703 2894 1819 2926 eras.
1845 2880 1901 2925 V.

211 2950 250 2991 5.
284 2945 378 2989 τῶν
410 2944 478 3002 A]
512 2940 596 2988 τὸν
627 2947 668 2987 Δ
701 2945 750 2988 P.
846 2949 887 2988 6.
919 2943 1030 3000 καί]
1066 2957 1154 2988 om.
1188 2942 1335 2999 BVq>.
1427 2941 1510 2986 καὶ
1542 2939 1591 2986 οἷ
1618 2945 1670 2997 A,
1704 2942 1749 2989 Ξ
1771 2967 1824 2973 -
1854 2945 1901 2985 7:
