1988 3152
554 106 1014 150 ELEMENTORUM
1043 105 1227 147 LIBER
1256 105 1333 148 VI.
1734 101 1805 165 85

115 231 174 283 in
226 230 501 299 triangulo
549 230 718 281 ΒΓΕ
759 226 855 279 uni
907 226 1139 278 laterum
1186 227 1309 278 ΕΓ
1334 221 1598 293 parallela
1645 221 1806 274 dueta

115 321 198 371 est
237 316 378 387 AA)
414 318 587 386 [prop.
615 314 721 384 II],
767 314 871 366 erit
911 312 1075 366 etiam
1123 315 1234 365 BA
1260 332 1272 365 ε
1297 313 1498 366 AF=
1523 313 1635 363 BA
1660 330 1671 362 :
1696 313 1812 362 AE

117 406 214 476 [V‚
263 406 379 472 11].
464 421 631 474 quare
684 404 898 456 ΑΓ--
931 404 1046 453 ΑΕ
1091 400 1189 470 [V,
1239 401 1321 467 9].
1415 417 1576 470 quare
1641 399 1805 452 etiam

113 501 150 558 L
174 497 436 548 AEF=
460 495 633 546 ΑΓΕ
663 491 727 562 [I‚
758 490 833 558 5].
897 489 990 542 sed
1021 494 1056 551 L
1080 486 1806 542 AEF=BAAexteriori

116 583 182 651 [1‚
213 584 326 653 29],
365 585 418 636 et
457 586 492 644 L
516 583 685 634 ΑΓΕ
706 605 776 623 ---
800 581 974 632 ΓΑΔ
1007 579 1216 632 alterno
1252 578 1383 645 [id.].
1445 594 1608 647 quare
1642 576 1806 630 etiam

114 676 350 735 LBAA
375 697 444 715 =
469 674 656 725 ΓΑΔ.
733 668 918 737 itaque
958 669 1193 730 LBAF
1229 669 1379 720 reeta
1418 669 1536 718 AA
1574 666 1633 717 in
1673 665 1806 730 duas

114 764 299 830 partes
340 759 588 830 aequales
629 759 807 811 sectus
849 759 945 810 est.

229 849 378 918 Ergo
419 848 466 900 si
506 846 736 916 angulus
768 844 1033 914 trianguli
1071 844 1129 896 in
1161 844 1294 896 duas
1333 845 1517 912 partes
1558 843 1810 913 aequales

121 938 399 1006 diuiditur,
437 939 492 989 et
527 939 679 989 recta
719 934 978 1004 angulum
1018 951 1205 986 secans
1239 933 1403 986 etiam
1432 933 1610 986 basim
1645 934 1813 1001 secat,

115 1030 301 1096 partes
351 1025 499 1080 basis
549 1022 775 1077 eandem
828 1022 1100 1076 rationem
1153 1022 1434 1075 habebunt
1488 1038 1550 1074 ae
1603 1020 1811 1089 reliqua

118 1117 293 1169 latera
339 1112 625 1183 trianguli3
672 1115 727 1164 et
767 1112 812 1164 si
857 1113 1041 1180 partes
1089 1111 1238 1164 basis
1278 1110 1502 1163 eandem
1542 1109 1808 1162 rationem

114 1204 322 1257 habent
360 1220 423 1256 ae
459 1202 671 1270 reliqua
709 1200 882 1253 latera
918 1198 1202 1268 trianguli,
1241 1201 1388 1251 reeta
1427 1217 1459 1250 a
1495 1198 1699 1251 uertice
1740 1196 1808 1250 ad

115 1296 374 1362 punctum
423 1289 678 1343 sectionis
725 1289 887 1342 ducta
934 1287 1194 1357 angulum
1246 1286 1509 1356 trianguli
1562 1287 1620 1338 in
1675 1286 1808 1339 duas

121 1384 305 1451 partes
353 1379 603 1449 aequales
663 1377 895 1447 secabit3
950 1375 1093 1446 quod
1149 1378 1267 1429 erat
1316 1375 1813 1429 demonstrandum.

917 1538 1012 1593 IV.

233 1646 299 1699 In
337 1645 629 1715 triangulis
670 1642 1047 1714 aequiangulis
1087 1643 1261 1695 latera
1294 1642 1546 1711 aequales
1580 1641 1809 1711 angulos

125 1733 638 1805 comprehendentia
696 1731 1128 1802 proportionalia
1192 1734 1318 1784 sunt
1381 1733 1434 1783 et
1495 1748 1815 1800 correspon-

119 1824 323 1894 dentia,
362 1841 498 1893 quae
539 1822 639 1875 sub
680 1820 997 1890 aequalibus
1039 1820 1252 1891 angulis
1294 1820 1639 1874 subtendunt.

233 1911 355 1966 Sint
399 1911 664 1982 trianguli
712 1909 1058 1980 aequianguli
1103 1911 1289 1980 ΑΒΓ,
1321 1912 1495 1962 ΔΓΕ
1553 1909 1815 1962 habentes

120 2008 156 2065 L
180 2002 352 2055 ΑΒΓ
371 2026 441 2044 =
467 2002 651 2069 AI'E,
675 1999 935 2052 BAF=
960 2000 1146 2068 ΓΔΕ,
1169 2000 1334 2051 ΑΓΒ
1352 2023 1422 2041 =
1440 2000 1624 2052 ΓΕΔ.
1681 1997 1817 2067 dieo,

122 2175 247 2223 ἐστιν
281 2177 375 2234 ἴση]
409 2190 499 2221 om.
533 2175 571 2218 B
604 2178 652 2220 et
682 2174 725 2219 V
756 2176 861 2231 (ras.
896 2176 968 2219 est
997 2175 1193 2230 quartae
1224 2172 1375 2230 partis
1406 2172 1598 2227 lineae);
1638 2172 1689 2217 in
1719 2187 1815 2229 mg.

120 2237 366 2282 transeunt
392 2235 444 2280 in
472 2248 562 2279 ras.
594 2250 639 2292 p.
774 2238 842 2280 10.
875 2229 926 2292 ἡ]
961 2246 1051 2278 om.
1083 2232 1139 2277 V.
1270 2232 1399 2290 δίχα]
1435 2246 1524 2277 om.
1559 2232 1610 2278 F.
1744 2237 1815 2278 11.

123 2292 211 2353 τὴν
243 2296 442 2354 γωνίαν]
474 2294 534 2350 Ρ;
566 2289 719 2350 αὐτήν
751 2292 942 2350 BFVp.
1006 2287 1200 2350 εὐθεῖα]
1240 2306 1334 2349 mg.
1375 2306 1436 2336 m.
1481 2298 1503 2336 1
1536 2291 1586 2335 P.
1740 2290 1815 2336 τέ-

122 2371 227 2412 μνει
265 2355 301 2399 F
343 2355 391 2399 et
429 2367 524 2411 seq.
556 2367 647 2399 ras.
683 2358 706 2396 1
739 2351 831 2398 litt.
866 2351 922 2397 V.
1076 2355 1145 2411 12.
1178 2346 1266 2410 τά]
1298 2365 1358 2395 m.
1393 2355 1419 2395 2
1452 2349 1500 2394 F.
1626 2355 1695 2395 13.
1729 2350 1817 2395 καὶ

125 2409 213 2459 ἐάν
236 2441 292 2447 -
318 2419 395 2459 17:
429 2412 603 2471 δεῖξαι]
638 2411 688 2456 in
718 2426 808 2456 ras.
841 2426 901 2457 m.
938 2415 961 2454 1
996 2410 1046 2454 F.
1173 2414 1241 2456 14.
1278 2407 1382 2469 ἔχῃ]
1417 2423 1532 2455 corr.
1566 2423 1623 2454 ex
1649 2407 1746 2467 ἔχει
1769 2426 1814 2467 p.

122 2470 265 2530 λόγον
298 2471 381 2532 ἔχῃ
412 2473 470 2518 V.
624 2476 693 2517 16.
725 2471 810 2516 τοῦ
843 2466 1074 2527 τριγώνου
1130 2483 1220 2514 om.
1252 2469 1356 2514 FV.
1512 2474 1579 2514 17.
1613 2470 1813 2527 γωνίαν]

123 2528 325 2577 εὐθεῖαν
347 2547 391 2589 Ρ.
514 2535 585 2576 20.
619 2527 674 2575 αἰ
693 2530 829 2588 περί]
857 2544 881 2574 e
905 2542 1019 2574 corr.
1092 2564 1101 2573 .
1224 2529 1348 2588 ἴσας]
1374 2543 1435 2573 m.
1461 2542 1552 2574 rec.
1577 2528 1626 2573 F.
1744 2533 1816 2572 21.

122 2591 319 2648 πλευραὶ
365 2587 701 2635 ὑποτείνουσαι
746 2589 848 2646 Bp,
895 2584 1232 2633 ὑποτείνουσαι
1271 2589 1474 2646 πλευραί
1509 2587 1610 2632 FV.
1744 2593 1815 2631 22.

125 2647 330 2695 ἔστωσαν
382 2649 439 2695 V.
576 2649 751 2707 ΔΓΕ]
802 2650 945 2692 ΓΔΕ
991 2648 1090 2705 Bp,
1138 2646 1179 2691 V
1226 2662 1286 2692 m.
1336 2652 1377 2692 2.
1530 2651 1602 2691 23.
1651 2647 1815 2704 ΑΒΓ]

125 2711 265 2753 ΒΑΓ
290 2708 340 2754 P.
461 2708 661 2767 γωνίαν]
696 2720 845 2763 comp.
878 2721 971 2763 mg.
1005 2706 1057 2751 Ρ.
1181 2707 1351 2765 ΑΓΕ]
1394 2708 1529 2750 ΓΔΕ
1569 2706 1620 2751 Ρ.
1744 2709 1815 2751 24.

125 2768 285 2826 ΒΑΓ]
317 2766 466 2825 BFp,
497 2766 540 2812 V
570 2782 630 2812 m.
665 2772 715 2822 23
749 2769 880 2810 ΒΓΑ
912 2765 969 2820 Ρ;
1001 2768 1134 2809 ΑΓΒ
1166 2764 1209 2809 V
1234 2780 1294 2812 m.
1325 2771 1363 2810 1.
1488 2766 1643 2823 ΓΔΕ]
1679 2763 1815 2819 BFp,

124 2825 167 2871 V
204 2841 265 2873 m.
307 2832 355 2882 23
398 2828 541 2871 ΓΕΔ
577 2826 628 2871 P.
750 2825 903 2883 ΑΓΒ]
944 2825 1043 2882 Bp,
1082 2825 1125 2869 V
1164 2823 1214 2868 in
1252 2839 1339 2870 ras.
1372 2840 1432 2868 m.
1468 2829 1516 2879 23
1549 2826 1692 2869 ΑΒΓ
1719 2823 1815 2868 PF.

186 2891 255 2931 25.
291 2885 463 2944 ΓΕΔ]
495 2884 642 2943 BFp3
677 2887 825 2929 ΔΕΓ
851 2884 899 2929 in
930 2898 1019 2930 ras.
1053 2899 1113 2929 m.
1149 2889 1174 2928 2
1207 2883 1272 2940 V3
1306 2885 1450 2928 ΔΓΕ
1482 2883 1532 2928 Ρ.
