<?xml version="1.0" encoding="UTF-8"?>
<!DOCTYPE html PUBLIC "-//W3C//DTD XHTML 1.0 Transitional//EN"
    "http://www.w3.org/TR/xhtml1/DTD/xhtml1-transitional.dtd">
<html xmlns="http://www.w3.org/1999/xhtml" xml:lang="en" lang="en">
 <head>
  <title>
</title>
<meta http-equiv="Content-Type" content="text/html;charset=utf-8" />
  <meta name='ocr-system' content='tesseract 3.04.00' />
  <meta name='ocr-capabilities' content='ocr_page ocr_carea ocr_par ocr_line ocrx_word'/>
</head>
<body>
  <div class='ocr_page' id='page_1' title='image "./euclidisoperaomn02eucluoft_0202.png"; bbox 0 0 1988 3152; ppageno 0'>
   <div class='ocr_carea' id='block_1_1' title="bbox 243 134 1299 191">
    <p class='ocr_par' dir='ltr' id='par_1_1' title="bbox 243 134 1299 191">
     <span class='ocr_line' id='line_1_1' title="bbox 243 134 1299 191; baseline -0.01 0"><span class='ocrx_word' id='word_1_1' title='bbox 243 138 348 191; x_wconf 82' lang='lat'><em>176</em></span> <span class='ocrx_word' id='word_1_2' title='bbox 865 139 1202 182; x_wconf 74' lang='grc' dir='ltr'>ΣΤΟΙΧΕΙΩΝ</span> <span class='ocrx_word' id='word_1_3' title='bbox 1232 134 1299 182; x_wconf 84' lang='grc' dir='ltr'><strong>ς’.</strong></span> 
     </span>
    </p>
   </div>
   <div class='ocr_carea' id='block_1_2' title="bbox 149 254 1988 2459">
    <p class='ocr_par' dir='ltr' id='par_1_2' title="bbox 149 254 1988 2459">
     <span class='ocr_line' id='line_1_2' title="bbox 245 254 1933 330; baseline 0.001 -18"><span class='ocrx_word' id='word_1_4' title='bbox 245 256 347 328; x_wconf 72' lang='grc' dir='ltr'><em>μὲν</em></span> <span class='ocrx_word' id='word_1_5' title='bbox 387 263 496 312; x_wconf 94' lang='grc' dir='ltr'><em>ΑΒ</em></span> <span class='ocrx_word' id='word_1_6' title='bbox 535 259 600 330; x_wconf 80' lang='grc' dir='ltr'><em>τῇ</em></span> <span class='ocrx_word' id='word_1_7' title='bbox 643 262 772 327; x_wconf 89' lang='grc' dir='ltr'><em>ΔΓ,</em></span> <span class='ocrx_word' id='word_1_8' title='bbox 809 255 914 327; x_wconf 87' lang='grc' dir='ltr'><em>τὴν</em></span> <span class='ocrx_word' id='word_1_9' title='bbox 954 256 1016 311; x_wconf 74' lang='grc' dir='ltr'><em>δὲ</em></span> <span class='ocrx_word' id='word_1_10' title='bbox 1056 261 1172 312; x_wconf 94' lang='grc' dir='ltr'><em>ΑΓ</em></span> <span class='ocrx_word' id='word_1_11' title='bbox 1200 260 1266 329; x_wconf 81' lang='grc' dir='ltr'><em>τῇ</em></span> <span class='ocrx_word' id='word_1_12' title='bbox 1310 254 1444 312; x_wconf 86' lang='grc' dir='ltr'><em>ΔΕ·</em></span> <span class='ocrx_word' id='word_1_13' title='bbox 1499 258 1668 328; x_wconf 83' lang='grc' dir='ltr'><em>λέγω,</em></span> <span class='ocrx_word' id='word_1_14' title='bbox 1716 257 1800 312; x_wconf 83' lang='grc' dir='ltr'><em>ὅτι</em></span> <span class='ocrx_word' id='word_1_15' title='bbox 1849 257 1933 314; x_wconf 82' lang='grc' dir='ltr'><em>ἐπ’</em></span> 
     </span>
     <span class='ocr_line' id='line_1_3' title="bbox 237 343 1129 417; baseline 0 -16"><span class='ocrx_word' id='word_1_16' title='bbox 237 343 460 410; x_wconf 81' lang='grc' dir='ltr'><em>εὐθείας</em></span> <span class='ocrx_word' id='word_1_17' title='bbox 499 345 651 400; x_wconf 84' lang='grc' dir='ltr'><em>ἐστὶν</em></span> <span class='ocrx_word' id='word_1_18' title='bbox 689 343 723 416; x_wconf 80' lang='grc' dir='ltr'>ἡ</span> <span class='ocrx_word' id='word_1_19' title='bbox 765 349 876 400; x_wconf 89' lang='grc' dir='ltr'><em>ΒΓ</em></span> <span class='ocrx_word' id='word_1_20' title='bbox 904 348 970 417; x_wconf 85' lang='grc' dir='ltr'><em>τῇ</em></span> <span class='ocrx_word' id='word_1_21' title='bbox 1012 349 1129 401; x_wconf 91' lang='grc' dir='ltr'><em>ΓΕ.</em></span> 
     </span>
     <span class='ocr_line' id='line_1_4' title="bbox 348 431 1940 507; baseline 0 -19"><span class='ocrx_word' id='word_1_22' title='bbox 348 432 498 489; x_wconf 83' lang='grc' dir='ltr'><em>Ἐπεὶ</em></span> <span class='ocrx_word' id='word_1_23' title='bbox 552 433 660 507; x_wconf 84' lang='grc' dir='ltr'><em>γὰρ</em></span> <span class='ocrx_word' id='word_1_24' title='bbox 715 433 1069 506; x_wconf 79' lang='grc' dir='ltr'><em>παράλληλός</em></span> <span class='ocrx_word' id='word_1_25' title='bbox 1118 436 1266 490; x_wconf 84' lang='grc' dir='ltr'><em>ἐστιν</em></span> <span class='ocrx_word' id='word_1_26' title='bbox 1320 431 1354 505; x_wconf 81' lang='grc' dir='ltr'>ἡ</span> <span class='ocrx_word' id='word_1_27' title='bbox 1403 440 1513 490; x_wconf 91' lang='grc' dir='ltr'><em>ΑΒ</em></span> <span class='ocrx_word' id='word_1_28' title='bbox 1559 437 1624 507; x_wconf 83' lang='grc' dir='ltr'><em>τῇ</em></span> <span class='ocrx_word' id='word_1_29' title='bbox 1674 440 1728 488; x_wconf 91' lang='grc' dir='ltr'><em>Δ</em></span> <span class='ocrx_word' id='word_1_30' title='bbox 1740 438 1802 503; x_wconf 89' lang='grc' dir='ltr'><em>Γ,</em></span> <span class='ocrx_word' id='word_1_31' title='bbox 1849 434 1940 488; x_wconf 80' lang='grc' dir='ltr'><em>καὶ</em></span> 
     </span>
     <span class='ocr_line' id='line_1_5' title="bbox 241 519 1939 593; baseline 0 -15"><span class='ocrx_word' id='word_1_32' title='bbox 241 525 322 587; x_wconf 83' lang='grc' dir='ltr'><em>εἰς</em></span> <span class='ocrx_word' id='word_1_33' title='bbox 358 520 534 588; x_wconf 81' lang='grc' dir='ltr'><em>αὐτὰς</em></span> <span class='ocrx_word' id='word_1_34' title='bbox 573 523 922 593; x_wconf 82' lang='grc' dir='ltr'><strong><em>ἐμπέπτωκεν</em></strong></span> <span class='ocrx_word' id='word_1_35' title='bbox 963 521 1161 578; x_wconf 83' lang='grc' dir='ltr'><em>εὐθεῖα</em></span> <span class='ocrx_word' id='word_1_36' title='bbox 1207 519 1242 593; x_wconf 85' lang='grc' dir='ltr'><em>ἡ</em></span> <span class='ocrx_word' id='word_1_37' title='bbox 1285 527 1409 592; x_wconf 91' lang='grc' dir='ltr'><em>ΑΓ,</em></span> <span class='ocrx_word' id='word_1_38' title='bbox 1457 524 1519 576; x_wconf 80' lang='grc' dir='ltr'><em>αἱ</em></span> <span class='ocrx_word' id='word_1_39' title='bbox 1555 521 1791 589; x_wconf 79' lang='grc' dir='ltr'><em>ἐναλλὰξ</em></span> <span class='ocrx_word' id='word_1_40' title='bbox 1838 545 1939 593; x_wconf 87' lang='grc' dir='ltr'><em>γω-</em></span> 
     </span>
     <span class='ocr_line' id='line_1_6' title="bbox 188 608 1942 682; baseline -0.001 -15"><span class='ocrx_word' id='word_1_41' title='bbox 188 620 213 660; x_wconf 87' lang='lat'>5</span> <span class='ocrx_word' id='word_1_42' title='bbox 243 614 363 667; x_wconf 88' lang='grc' dir='ltr'><em>νίαι</em></span> <span class='ocrx_word' id='word_1_43' title='bbox 402 613 465 666; x_wconf 76' lang='grc' dir='ltr'><em>αἱ</em></span> <span class='ocrx_word' id='word_1_44' title='bbox 500 608 610 666; x_wconf 84' lang='grc' dir='ltr'><em>ὑπὸ</em></span> <span class='ocrx_word' id='word_1_45' title='bbox 650 616 835 682; x_wconf 97' lang='grc' dir='ltr'><em>ΒΑΓ,</em></span> <span class='ocrx_word' id='word_1_46' title='bbox 868 616 1035 667; x_wconf 93' lang='grc' dir='ltr'><em>ΑΓΔ</em></span> <span class='ocrx_word' id='word_1_47' title='bbox 1067 618 1182 666; x_wconf 78' lang='grc' dir='ltr'><em>ἴσαι</em></span> <span class='ocrx_word' id='word_1_48' title='bbox 1215 608 1482 682; x_wconf 80' lang='grc' dir='ltr'><em>ἀλλήλαις</em></span> <span class='ocrx_word' id='word_1_49' title='bbox 1513 614 1671 667; x_wconf 84' lang='grc' dir='ltr'><em>εἰσίν.</em></span> <span class='ocrx_word' id='word_1_50' title='bbox 1750 609 1843 667; x_wconf 76' lang='grc' dir='ltr'><em>διὰ</em></span> <span class='ocrx_word' id='word_1_51' title='bbox 1874 610 1942 666; x_wconf 81' lang='grc' dir='ltr'><em>τὰ</em></span> 
     </span>
     <span class='ocr_line' id='line_1_7' title="bbox 240 697 1940 773; baseline -0.001 -18"><span class='ocrx_word' id='word_1_52' title='bbox 240 698 381 756; x_wconf 81' lang='grc' dir='ltr'><em>αὐτὰ</em></span> <span class='ocrx_word' id='word_1_53' title='bbox 439 699 510 772; x_wconf 79' lang='grc' dir='ltr'><em>δὴ</em></span> <span class='ocrx_word' id='word_1_54' title='bbox 557 701 650 755; x_wconf 82' lang='grc' dir='ltr'><em>καὶ</em></span> <span class='ocrx_word' id='word_1_55' title='bbox 704 697 738 771; x_wconf 83' lang='grc' dir='ltr'>ἡ</span> <span class='ocrx_word' id='word_1_56' title='bbox 786 697 896 756; x_wconf 81' lang='grc' dir='ltr'><em>ὑπὸ</em></span> <span class='ocrx_word' id='word_1_57' title='bbox 947 705 1112 757; x_wconf 89' lang='grc' dir='ltr'><em>ΓΔΕ</em></span> <span class='ocrx_word' id='word_1_58' title='bbox 1153 703 1220 773; x_wconf 81' lang='grc' dir='ltr'><em>τῇ</em></span> <span class='ocrx_word' id='word_1_59' title='bbox 1270 698 1379 755; x_wconf 83' lang='grc' dir='ltr'><em>ὑπὸ</em></span> <span class='ocrx_word' id='word_1_60' title='bbox 1422 705 1587 756; x_wconf 92' lang='grc' dir='ltr'><em>ΑΓΔ</em></span> <span class='ocrx_word' id='word_1_61' title='bbox 1634 707 1725 771; x_wconf 80' lang='grc' dir='ltr'><em>ἴση</em></span> <span class='ocrx_word' id='word_1_62' title='bbox 1776 702 1940 756; x_wconf 80' lang='grc' dir='ltr'><em>ἐστίν.</em></span> 
     </span>
     <span class='ocr_line' id='line_1_8' title="bbox 241 786 1941 862; baseline -0.002 -17"><span class='ocrx_word' id='word_1_63' title='bbox 241 787 381 845; x_wconf 72' lang='grc' dir='ltr'><em>ὥστε</em></span> <span class='ocrx_word' id='word_1_64' title='bbox 426 789 520 844; x_wconf 84' lang='grc' dir='ltr'><em>καὶ</em></span> <span class='ocrx_word' id='word_1_65' title='bbox 567 787 602 860; x_wconf 83' lang='grc' dir='ltr'>ἡ</span> <span class='ocrx_word' id='word_1_66' title='bbox 643 786 752 844; x_wconf 86' lang='grc' dir='ltr'><em>ὑπὸ</em></span> <span class='ocrx_word' id='word_1_67' title='bbox 793 794 969 844; x_wconf 91' lang='grc' dir='ltr'><em>ΒΑΓ</em></span> <span class='ocrx_word' id='word_1_68' title='bbox 999 791 1066 862; x_wconf 84' lang='grc' dir='ltr'><em>τῇ</em></span> <span class='ocrx_word' id='word_1_69' title='bbox 1113 786 1221 844; x_wconf 84' lang='grc' dir='ltr'><em>ὑπὸ</em></span> <span class='ocrx_word' id='word_1_70' title='bbox 1266 792 1431 843; x_wconf 90' lang='grc' dir='ltr'><em>ΓΔΕ</em></span> <span class='ocrx_word' id='word_1_71' title='bbox 1466 790 1617 844; x_wconf 81' lang='grc' dir='ltr'><em>ἐστιν</em></span> <span class='ocrx_word' id='word_1_72' title='bbox 1666 796 1773 860; x_wconf 76' lang='grc' dir='ltr'><em>ἴση.</em></span> <span class='ocrx_word' id='word_1_73' title='bbox 1849 788 1941 844; x_wconf 86' lang='grc' dir='ltr'><em>καὶ</em></span> 
     </span>
     <span class='ocr_line' id='line_1_9' title="bbox 241 875 1941 949; baseline -0.002 -15"><span class='ocrx_word' id='word_1_74' title='bbox 241 878 357 934; x_wconf 83' lang='grc' dir='ltr'><em>ἐπεὶ</em></span> <span class='ocrx_word' id='word_1_75' title='bbox 404 877 509 934; x_wconf 82' lang='grc' dir='ltr'><em>δύο</em></span> <span class='ocrx_word' id='word_1_76' title='bbox 556 876 804 949; x_wconf 79' lang='grc' dir='ltr'><em>τρίγωνά</em></span> <span class='ocrx_word' id='word_1_77' title='bbox 853 879 969 933; x_wconf 82' lang='grc' dir='ltr'><em>ἐστι</em></span> <span class='ocrx_word' id='word_1_78' title='bbox 1015 875 1082 933; x_wconf 80' lang='grc' dir='ltr'><em>τὰ</em></span> <span class='ocrx_word' id='word_1_79' title='bbox 1124 881 1306 947; x_wconf 87' lang='grc' dir='ltr'><em>ΑΒΓ,</em></span> <span class='ocrx_word' id='word_1_80' title='bbox 1340 883 1394 932; x_wconf 89' lang='grc' dir='ltr'><em>Δ</em></span> <span class='ocrx_word' id='word_1_81' title='bbox 1406 881 1512 931; x_wconf 91' lang='grc' dir='ltr'><em>ΓΕ</em></span> <span class='ocrx_word' id='word_1_82' title='bbox 1555 881 1689 949; x_wconf 87' lang='grc' dir='ltr'><em>μίαν</em></span> <span class='ocrx_word' id='word_1_83' title='bbox 1727 881 1941 949; x_wconf 94' lang='grc' dir='ltr'><em>γωνίαν</em></span> 
     </span>
     <span class='ocr_line' id='line_1_10' title="bbox 239 965 1944 1041; baseline 0 -20"><span class='ocrx_word' id='word_1_84' title='bbox 239 965 341 1037; x_wconf 86' lang='grc' dir='ltr'><em>τὴν</em></span> <span class='ocrx_word' id='word_1_85' title='bbox 380 965 520 1039; x_wconf 86' lang='grc' dir='ltr'><em>πρὸς</em></span> <span class='ocrx_word' id='word_1_86' title='bbox 558 969 634 1041; x_wconf 80' lang='grc' dir='ltr'><em>τῷ</em></span> <span class='ocrx_word' id='word_1_87' title='bbox 676 974 729 1022; x_wconf 92' lang='grc' dir='ltr'><em>Α</em></span> <span class='ocrx_word' id='word_1_88' title='bbox 767 969 867 1039; x_wconf 80' lang='grc' dir='ltr'><em>μιᾷ</em></span> <span class='ocrx_word' id='word_1_89' title='bbox 907 970 1088 1040; x_wconf 81' lang='grc' dir='ltr'><em>γωνίᾳ</em></span> <span class='ocrx_word' id='word_1_90' title='bbox 1127 969 1192 1039; x_wconf 83' lang='grc' dir='ltr'><em>τῇ</em></span> <span class='ocrx_word' id='word_1_91' title='bbox 1232 965 1372 1038; x_wconf 87' lang='grc' dir='ltr'><em>πρὸς</em></span> <span class='ocrx_word' id='word_1_92' title='bbox 1411 968 1487 1041; x_wconf 77' lang='grc' dir='ltr'><em>τῷ</em></span> <span class='ocrx_word' id='word_1_93' title='bbox 1529 973 1584 1021; x_wconf 90' lang='grc' dir='ltr'><em>Δ</em></span> <span class='ocrx_word' id='word_1_94' title='bbox 1623 973 1751 1037; x_wconf 79' lang='grc' dir='ltr'><em>ἴσην</em></span> <span class='ocrx_word' id='word_1_95' title='bbox 1792 970 1944 1038; x_wconf 83' lang='grc' dir='ltr'><em>ἔχον-</em></span> 
     </span>
     <span class='ocr_line' id='line_1_11' title="bbox 160 1053 1940 1128; baseline -0.001 -17"><span class='ocrx_word' id='word_1_96' title='bbox 160 1071 215 1111; x_wconf 91' lang='lat'><em>10</em></span> <span class='ocrx_word' id='word_1_97' title='bbox 244 1077 337 1126; x_wconf 88' lang='grc' dir='ltr'><em>τα,</em></span> <span class='ocrx_word' id='word_1_98' title='bbox 384 1055 511 1127; x_wconf 83' lang='grc' dir='ltr'><em>περὶ</em></span> <span class='ocrx_word' id='word_1_99' title='bbox 560 1054 623 1110; x_wconf 75' lang='grc' dir='ltr'><em>δὲ</em></span> <span class='ocrx_word' id='word_1_100' title='bbox 660 1054 759 1121; x_wconf 83' lang='grc' dir='ltr'><em>τὰς</em></span> <span class='ocrx_word' id='word_1_101' title='bbox 798 1061 923 1121; x_wconf 76' lang='grc' dir='ltr'><em>ἴσας</em></span> <span class='ocrx_word' id='word_1_102' title='bbox 967 1060 1178 1126; x_wconf 81' lang='grc' dir='ltr'><em>γωνίας</em></span> <span class='ocrx_word' id='word_1_103' title='bbox 1215 1055 1313 1121; x_wconf 81' lang='grc' dir='ltr'><em>τὰς</em></span> <span class='ocrx_word' id='word_1_104' title='bbox 1358 1054 1601 1128; x_wconf 86' lang='grc' dir='ltr'><em>πλευρὰς</em></span> <span class='ocrx_word' id='word_1_105' title='bbox 1639 1053 1940 1126; x_wconf 78' lang='grc' dir='ltr'><em>ἀνάλογον,</em></span> 
     </span>
     <span class='ocr_line' id='line_1_12' title="bbox 239 1141 1942 1216; baseline 0 -18"><span class='ocrx_word' id='word_1_106' title='bbox 239 1142 315 1209; x_wconf 76' lang='grc' dir='ltr'><em>ὡς</em></span> <span class='ocrx_word' id='word_1_107' title='bbox 351 1141 456 1213; x_wconf 88' lang='grc' dir='ltr'><em>τὴν</em></span> <span class='ocrx_word' id='word_1_108' title='bbox 496 1149 608 1198; x_wconf 91' lang='grc' dir='ltr'><em>ΒΑ</em></span> <span class='ocrx_word' id='word_1_109' title='bbox 646 1142 787 1216; x_wconf 87' lang='grc' dir='ltr'><em>πρὸς</em></span> <span class='ocrx_word' id='word_1_110' title='bbox 824 1141 931 1215; x_wconf 84' lang='grc' dir='ltr'><em>τὴν</em></span> <span class='ocrx_word' id='word_1_111' title='bbox 969 1148 1095 1215; x_wconf 90' lang='grc' dir='ltr'><em>ΑΓ,</em></span> <span class='ocrx_word' id='word_1_112' title='bbox 1146 1144 1324 1209; x_wconf 79' lang='grc' dir='ltr'><em>οὕτως</em></span> <span class='ocrx_word' id='word_1_113' title='bbox 1369 1143 1472 1215; x_wconf 84' lang='grc' dir='ltr'><em>τὴν</em></span> <span class='ocrx_word' id='word_1_114' title='bbox 1514 1148 1617 1199; x_wconf 91' lang='grc' dir='ltr'><em>ΓΔ</em></span> <span class='ocrx_word' id='word_1_115' title='bbox 1655 1141 1792 1215; x_wconf 83' lang='grc' dir='ltr'><em>πρὸς</em></span> <span class='ocrx_word' id='word_1_116' title='bbox 1837 1142 1942 1214; x_wconf 86' lang='grc' dir='ltr'><em>τὴν</em></span> 
     </span>
     <span class='ocr_line' id='line_1_13' title="bbox 240 1231 1946 1307; baseline 0.001 -21"><span class='ocrx_word' id='word_1_117' title='bbox 240 1237 378 1302; x_wconf 90' lang='grc' dir='ltr'><em>ΔΕ,</em></span> <span class='ocrx_word' id='word_1_118' title='bbox 421 1232 726 1303; x_wconf 73' lang='grc' dir='ltr'><em>ἰσογώνιον</em></span> <span class='ocrx_word' id='word_1_119' title='bbox 766 1233 877 1305; x_wconf 77' lang='grc' dir='ltr'><em>ἄρα</em></span> <span class='ocrx_word' id='word_1_120' title='bbox 916 1233 1031 1289; x_wconf 80' lang='grc' dir='ltr'><em>ἐστὶ</em></span> <span class='ocrx_word' id='word_1_121' title='bbox 1062 1231 1125 1289; x_wconf 82' lang='grc' dir='ltr'><em>τὸ</em></span> <span class='ocrx_word' id='word_1_122' title='bbox 1160 1238 1332 1289; x_wconf 91' lang='grc' dir='ltr'><em>ΑΒΓ</em></span> <span class='ocrx_word' id='word_1_123' title='bbox 1355 1235 1635 1304; x_wconf 83' lang='grc' dir='ltr'><em>τρίγωνον</em></span> <span class='ocrx_word' id='word_1_124' title='bbox 1665 1235 1740 1307; x_wconf 81' lang='grc' dir='ltr'><em>τῷ</em></span> <span class='ocrx_word' id='word_1_125' title='bbox 1775 1238 1829 1286; x_wconf 93' lang='grc' dir='ltr'><em>Δ</em></span> <span class='ocrx_word' id='word_1_126' title='bbox 1840 1236 1946 1287; x_wconf 90' lang='grc' dir='ltr'><em>ΓΕ</em></span> 
     </span>
     <span class='ocr_line' id='line_1_14' title="bbox 236 1318 1939 1395; baseline -0.001 -20"><span class='ocrx_word' id='word_1_127' title='bbox 236 1319 514 1395; x_wconf 76' lang='grc' dir='ltr'><em>τριγώνῳ·</em></span> <span class='ocrx_word' id='word_1_128' title='bbox 556 1328 648 1392; x_wconf 76' lang='grc' dir='ltr'><em>ἴση</em></span> <span class='ocrx_word' id='word_1_129' title='bbox 690 1321 800 1393; x_wconf 73' lang='grc' dir='ltr'><em>ἄρα</em></span> <span class='ocrx_word' id='word_1_130' title='bbox 839 1319 873 1392; x_wconf 81' lang='grc' dir='ltr'><em>ἡ</em></span> <span class='ocrx_word' id='word_1_131' title='bbox 914 1320 1027 1377; x_wconf 84' lang='grc' dir='ltr'><em>ὑπὸ</em></span> <span class='ocrx_word' id='word_1_132' title='bbox 1070 1326 1243 1377; x_wconf 93' lang='grc' dir='ltr'><em>ΑΒΓ</em></span> <span class='ocrx_word' id='word_1_133' title='bbox 1281 1326 1459 1392; x_wconf 87' lang='grc' dir='ltr'><em>γωνία</em></span> <span class='ocrx_word' id='word_1_134' title='bbox 1497 1324 1563 1394; x_wconf 82' lang='grc' dir='ltr'><em>τῇ</em></span> <span class='ocrx_word' id='word_1_135' title='bbox 1604 1318 1713 1377; x_wconf 85' lang='grc' dir='ltr'><em>ὑπὸ</em></span> <span class='ocrx_word' id='word_1_136' title='bbox 1757 1325 1939 1375; x_wconf 89' lang='grc' dir='ltr'><em>ΔΓΕ.</em></span> 
     </span>
     <span class='ocr_line' id='line_1_15' title="bbox 238 1407 1939 1483; baseline 0.001 -20"><span class='ocrx_word' id='word_1_137' title='bbox 238 1409 465 1480; x_wconf 82' lang='grc' dir='ltr'><em>ἐδείχθη</em></span> <span class='ocrx_word' id='word_1_138' title='bbox 519 1409 581 1464; x_wconf 73' lang='grc' dir='ltr'><em>δὲ</em></span> <span class='ocrx_word' id='word_1_139' title='bbox 628 1410 719 1464; x_wconf 87' lang='grc' dir='ltr'><em>καὶ</em></span> <span class='ocrx_word' id='word_1_140' title='bbox 767 1407 800 1481; x_wconf 85' lang='grc' dir='ltr'>ἡ</span> <span class='ocrx_word' id='word_1_141' title='bbox 849 1409 959 1465; x_wconf 85' lang='grc' dir='ltr'><em>ὑπὸ</em></span> <span class='ocrx_word' id='word_1_142' title='bbox 1000 1414 1168 1465; x_wconf 90' lang='grc' dir='ltr'><em>ΑΓΛ</em></span> <span class='ocrx_word' id='word_1_143' title='bbox 1206 1413 1271 1483; x_wconf 78' lang='grc' dir='ltr'><em>τῇ</em></span> <span class='ocrx_word' id='word_1_144' title='bbox 1321 1407 1430 1465; x_wconf 85' lang='grc' dir='ltr'><em>ὑπὸ</em></span> <span class='ocrx_word' id='word_1_145' title='bbox 1471 1414 1643 1465; x_wconf 91' lang='grc' dir='ltr'><em>ΒΑΓ</em></span> <span class='ocrx_word' id='word_1_146' title='bbox 1676 1417 1790 1480; x_wconf 74' lang='grc' dir='ltr'><em>ἴση·</em></span> <span class='ocrx_word' id='word_1_147' title='bbox 1839 1409 1939 1480; x_wconf 85' lang='grc' dir='ltr'><em>ὅλη</em></span> 
     </span>
     <span class='ocr_line' id='line_1_16' title="bbox 152 1494 1939 1569; baseline -0.002 -14"><span class='ocrx_word' id='word_1_148' title='bbox 152 1514 208 1555; x_wconf 83' lang='grc'><em>15</em></span> <span class='ocrx_word' id='word_1_149' title='bbox 238 1494 348 1568; x_wconf 71' lang='grc' dir='ltr'><em>ἄρα</em></span> <span class='ocrx_word' id='word_1_150' title='bbox 408 1496 444 1567; x_wconf 84' lang='grc' dir='ltr'><em>ἡ</em></span> <span class='ocrx_word' id='word_1_151' title='bbox 499 1496 610 1553; x_wconf 87' lang='grc' dir='ltr'><em>ὑπὸ</em></span> <span class='ocrx_word' id='word_1_152' title='bbox 664 1503 836 1553; x_wconf 89' lang='grc' dir='ltr'><em>ΑΓΕ</em></span> <span class='ocrx_word' id='word_1_153' title='bbox 882 1498 1011 1553; x_wconf 83' lang='grc' dir='ltr'><em>δυσὶ</em></span> <span class='ocrx_word' id='word_1_154' title='bbox 1065 1509 1186 1564; x_wconf 84' lang='grc' dir='ltr'><em>ταῖς</em></span> <span class='ocrx_word' id='word_1_155' title='bbox 1238 1497 1348 1554; x_wconf 87' lang='grc' dir='ltr'><em>ὑπὸ</em></span> <span class='ocrx_word' id='word_1_156' title='bbox 1404 1503 1586 1568; x_wconf 85' lang='grc' dir='ltr'><em>ΑΒΓ,</em></span> <span class='ocrx_word' id='word_1_157' title='bbox 1628 1502 1801 1553; x_wconf 92' lang='grc' dir='ltr'><em>ΒΑΓ</em></span> <span class='ocrx_word' id='word_1_158' title='bbox 1848 1505 1939 1569; x_wconf 75' lang='grc' dir='ltr'><em>ἴση</em></span> 
     </span>
     <span class='ocr_line' id='line_1_17' title="bbox 239 1583 1939 1659; baseline 0.002 -20"><span class='ocrx_word' id='word_1_159' title='bbox 239 1585 405 1640; x_wconf 80' lang='grc' dir='ltr'><em>ἐστίν.</em></span> <span class='ocrx_word' id='word_1_160' title='bbox 482 1584 644 1658; x_wconf 84' lang='grc' dir='ltr'><em>κοινὴ</em></span> <span class='ocrx_word' id='word_1_161' title='bbox 693 1591 1050 1659; x_wconf 77' lang='grc' dir='ltr'><em>προσκείσθω</em></span> <span class='ocrx_word' id='word_1_162' title='bbox 1099 1583 1132 1657; x_wconf 81' lang='grc' dir='ltr'>ἡ</span> <span class='ocrx_word' id='word_1_163' title='bbox 1180 1584 1291 1643; x_wconf 84' lang='grc' dir='ltr'><em>ὑπὸ</em></span> <span class='ocrx_word' id='word_1_164' title='bbox 1332 1591 1518 1642; x_wconf 89' lang='grc' dir='ltr'><em>ΑΓΒ·</em></span> <span class='ocrx_word' id='word_1_165' title='bbox 1575 1589 1636 1641; x_wconf 75' lang='grc' dir='ltr'><em>αἱ</em></span> <span class='ocrx_word' id='word_1_166' title='bbox 1680 1585 1791 1658; x_wconf 75' lang='grc' dir='ltr'><em>ἄρα</em></span> <span class='ocrx_word' id='word_1_167' title='bbox 1828 1585 1939 1642; x_wconf 83' lang='grc' dir='ltr'><em>ὑπὸ</em></span> 
     </span>
     <span class='ocr_line' id='line_1_18' title="bbox 237 1666 1988 1747; baseline 0.001 -18"><span class='ocrx_word' id='word_1_168' title='bbox 237 1678 430 1746; x_wconf 82' lang='grc' dir='ltr'><em>ΑΓΕ,</em></span> <span class='ocrx_word' id='word_1_169' title='bbox 463 1666 630 1731; x_wconf 80' lang='grc' dir='ltr'><em>ΑΓΒ</em></span> <span class='ocrx_word' id='word_1_170' title='bbox 669 1686 789 1742; x_wconf 72' lang='grc' dir='ltr'><em>ταῖς</em></span> <span class='ocrx_word' id='word_1_171' title='bbox 827 1675 939 1731; x_wconf 74' lang='grc' dir='ltr'><em>ὑπὸ</em></span> <span class='ocrx_word' id='word_1_172' title='bbox 980 1680 1163 1745; x_wconf 82' lang='grc' dir='ltr'><em>ΒΑΓ,</em></span> <span class='ocrx_word' id='word_1_173' title='bbox 1197 1680 1386 1747; x_wconf 83' lang='grc' dir='ltr'><em>ΑΓΒ,</em></span> <span class='ocrx_word' id='word_1_174' title='bbox 1422 1680 1586 1731; x_wconf 83' lang='grc' dir='ltr'><em>ΓΒΑ</em></span> <span class='ocrx_word' id='word_1_175' title='bbox 1626 1681 1742 1731; x_wconf 58' lang='grc' dir='ltr'><em>ἴσαι</em></span> <span class='ocrx_word' id='word_1_176' title='bbox 1782 1678 1940 1731; x_wconf 71' lang='grc' dir='ltr'><em>εἰσίν.</em></span> <span class='ocrx_word' id='word_1_177' title='bbox 1982 1698 1988 1704; x_wconf 93' lang='grc'>-</span> 
     </span>
     <span class='ocr_line' id='line_1_19' title="bbox 238 1758 1939 1837; baseline 0.001 -20"><span class='ocrx_word' id='word_1_178' title='bbox 238 1758 359 1818; x_wconf 83' lang='grc' dir='ltr'><em>ἄλλ’</em></span> <span class='ocrx_word' id='word_1_179' title='bbox 413 1766 474 1819; x_wconf 78' lang='grc' dir='ltr'><em>αἱ</em></span> <span class='ocrx_word' id='word_1_180' title='bbox 520 1763 631 1820; x_wconf 80' lang='grc' dir='ltr'><em>ὑπὸ</em></span> <span class='ocrx_word' id='word_1_181' title='bbox 681 1769 866 1836; x_wconf 88' lang='grc' dir='ltr'><em>ΒΑΓ,</em></span> <span class='ocrx_word' id='word_1_182' title='bbox 908 1769 1090 1835; x_wconf 87' lang='grc' dir='ltr'><em>ΑΒΓ,</em></span> <span class='ocrx_word' id='word_1_183' title='bbox 1130 1769 1295 1820; x_wconf 92' lang='grc' dir='ltr'><em>ΑΓΒ</em></span> <span class='ocrx_word' id='word_1_184' title='bbox 1352 1764 1518 1820; x_wconf 81' lang='grc' dir='ltr'><em>δυσὶν</em></span> <span class='ocrx_word' id='word_1_185' title='bbox 1567 1763 1770 1837; x_wconf 80' lang='grc' dir='ltr'><em>ὀρθαῖς</em></span> <span class='ocrx_word' id='word_1_186' title='bbox 1825 1771 1939 1820; x_wconf 78' lang='grc' dir='ltr'><em>ἴσαι</em></span> 
     </span>
     <span class='ocr_line' id='line_1_20' title="bbox 238 1850 1988 1927; baseline 0.001 -21"><span class='ocrx_word' id='word_1_187' title='bbox 238 1854 403 1907; x_wconf 85' lang='grc' dir='ltr'><em>εἰσίν·</em></span> <span class='ocrx_word' id='word_1_188' title='bbox 443 1851 536 1907; x_wconf 84' lang='grc' dir='ltr'><em>καὶ</em></span> <span class='ocrx_word' id='word_1_189' title='bbox 578 1855 641 1907; x_wconf 80' lang='grc' dir='ltr'><em>αί</em></span> <span class='ocrx_word' id='word_1_190' title='bbox 674 1850 785 1909; x_wconf 82' lang='grc' dir='ltr'><em>ὑπὸ</em></span> <span class='ocrx_word' id='word_1_191' title='bbox 826 1859 1010 1924; x_wconf 92' lang='grc' dir='ltr'><em>ΑΓΕ,</em></span> <span class='ocrx_word' id='word_1_192' title='bbox 1044 1858 1209 1909; x_wconf 92' lang='grc' dir='ltr'><em>ΑΓΒ</em></span> <span class='ocrx_word' id='word_1_193' title='bbox 1249 1851 1358 1926; x_wconf 80' lang='grc' dir='ltr'><em>ἄρα</em></span> <span class='ocrx_word' id='word_1_194' title='bbox 1390 1854 1556 1910; x_wconf 81' lang='grc' dir='ltr'><em>δυσὶν</em></span> <span class='ocrx_word' id='word_1_195' title='bbox 1590 1851 1793 1927; x_wconf 79' lang='grc' dir='ltr'><em>ὀρθαῖς</em></span> <span class='ocrx_word' id='word_1_196' title='bbox 1824 1861 1940 1909; x_wconf 75' lang='grc' dir='ltr'><em>ἴσαι</em></span> <span class='ocrx_word' id='word_1_197' title='bbox 1984 1853 1988 1858; x_wconf 72' lang='grc'><strong>’</strong></span> 
     </span>
     <span class='ocr_line' id='line_1_21' title="bbox 149 1939 1988 2019; baseline -0.001 -21"><span class='ocrx_word' id='word_1_198' title='bbox 149 1957 207 1998; x_wconf 82' lang='lat'><em>20</em></span> <span class='ocrx_word' id='word_1_199' title='bbox 238 1943 394 1997; x_wconf 82' lang='grc' dir='ltr'><em>εἰσίν.</em></span> <span class='ocrx_word' id='word_1_200' title='bbox 487 1939 626 2014; x_wconf 83' lang='grc' dir='ltr'><em>πρὸς</em></span> <span class='ocrx_word' id='word_1_201' title='bbox 682 1941 753 2013; x_wconf 79' lang='grc' dir='ltr'><em>δή</em></span> <span class='ocrx_word' id='word_1_202' title='bbox 806 1964 916 1998; x_wconf 83' lang='grc' dir='ltr'><em>τινι</em></span> <span class='ocrx_word' id='word_1_203' title='bbox 973 1941 1173 2017; x_wconf 76' lang='grc' dir='ltr'><em>εὐθείᾳ</em></span> <span class='ocrx_word' id='word_1_204' title='bbox 1225 1946 1291 2016; x_wconf 81' lang='grc' dir='ltr'><em>τῇ</em></span> <span class='ocrx_word' id='word_1_205' title='bbox 1346 1947 1464 1998; x_wconf 90' lang='grc' dir='ltr'><em>ΑΓ</em></span> <span class='ocrx_word' id='word_1_206' title='bbox 1516 1943 1607 1998; x_wconf 85' lang='grc' dir='ltr'><em>καὶ</em></span> <span class='ocrx_word' id='word_1_207' title='bbox 1661 1951 1736 2019; x_wconf 77' lang='grc' dir='ltr'><em>τῷ</em></span> <span class='ocrx_word' id='word_1_208' title='bbox 1800 1940 1940 2011; x_wconf 77' lang='grc' dir='ltr'><em>πρὸς</em></span> <span class='ocrx_word' id='word_1_209' title='bbox 1984 2012 1988 2019; x_wconf 26' lang='grc'>1</span> 
     </span>
     <span class='ocr_line' id='line_1_22' title="bbox 238 2026 1988 2106; baseline 0.001 -21"><span class='ocrx_word' id='word_1_210' title='bbox 238 2026 378 2103; x_wconf 81' lang='grc' dir='ltr'><em>αὐτῇ</em></span> <span class='ocrx_word' id='word_1_211' title='bbox 432 2034 640 2106; x_wconf 77' lang='grc' dir='ltr'><em>σημείῳ</em></span> <span class='ocrx_word' id='word_1_212' title='bbox 688 2033 764 2105; x_wconf 80' lang='grc' dir='ltr'><em>τῷ</em></span> <span class='ocrx_word' id='word_1_213' title='bbox 816 2035 870 2086; x_wconf 93' lang='grc' dir='ltr'><em>Γ</em></span> <span class='ocrx_word' id='word_1_214' title='bbox 908 2030 1012 2087; x_wconf 76' lang='grc' dir='ltr'><em>δύο</em></span> <span class='ocrx_word' id='word_1_215' title='bbox 1068 2033 1286 2088; x_wconf 84' lang='grc' dir='ltr'><em>εὐθεῖαι</em></span> <span class='ocrx_word' id='word_1_216' title='bbox 1334 2033 1396 2086; x_wconf 85' lang='grc' dir='ltr'><em>αἰ</em></span> <span class='ocrx_word' id='word_1_217' title='bbox 1431 2035 1553 2102; x_wconf 92' lang='grc' dir='ltr'><em>ΒΓ,</em></span> <span class='ocrx_word' id='word_1_218' title='bbox 1588 2035 1694 2087; x_wconf 90' lang='grc' dir='ltr'><em>ΓΕ</em></span> <span class='ocrx_word' id='word_1_219' title='bbox 1736 2029 1810 2102; x_wconf 85' lang='grc' dir='ltr'><em>μὴ</em></span> <span class='ocrx_word' id='word_1_220' title='bbox 1852 2031 1939 2087; x_wconf 83' lang='grc' dir='ltr'><em>ἐπὶ</em></span> <span class='ocrx_word' id='word_1_221' title='bbox 1982 2071 1988 2087; x_wconf 71' lang='grc'><em>.</em></span> 
     </span>
     <span class='ocr_line' id='line_1_23' title="bbox 236 2116 1934 2191; baseline 0.001 -18"><span class='ocrx_word' id='word_1_222' title='bbox 236 2116 303 2174; x_wconf 79' lang='grc' dir='ltr'><em>τὰ</em></span> <span class='ocrx_word' id='word_1_223' title='bbox 350 2116 494 2174; x_wconf 82' lang='grc' dir='ltr'><em>αὐτὰ</em></span> <span class='ocrx_word' id='word_1_224' title='bbox 538 2121 677 2191; x_wconf 83' lang='grc' dir='ltr'><em>μέρη</em></span> <span class='ocrx_word' id='word_1_225' title='bbox 724 2123 971 2191; x_wconf 85' lang='grc' dir='ltr'><em>κείμεναι</em></span> <span class='ocrx_word' id='word_1_226' title='bbox 1018 2118 1118 2185; x_wconf 80' lang='grc' dir='ltr'><em>τὰς</em></span> <span class='ocrx_word' id='word_1_227' title='bbox 1166 2122 1363 2191; x_wconf 80' lang='grc' dir='ltr'><em>ἐφεξῆς</em></span> <span class='ocrx_word' id='word_1_228' title='bbox 1416 2125 1625 2191; x_wconf 89' lang='grc' dir='ltr'><em>γωνίας</em></span> <span class='ocrx_word' id='word_1_229' title='bbox 1674 2117 1771 2185; x_wconf 83' lang='grc' dir='ltr'><em>τὰς</em></span> <span class='ocrx_word' id='word_1_230' title='bbox 1824 2118 1934 2175; x_wconf 85' lang='grc' dir='ltr'><em>ὑπὸ</em></span> 
     </span>
     <span class='ocr_line' id='line_1_24' title="bbox 236 2205 1988 2280; baseline 0.002 -20"><span class='ocrx_word' id='word_1_231' title='bbox 236 2211 430 2277; x_wconf 90' lang='grc' dir='ltr'><em>ΑΓΕ,</em></span> <span class='ocrx_word' id='word_1_232' title='bbox 461 2212 627 2262; x_wconf 93' lang='grc' dir='ltr'><em>ΑΓΒ</em></span> <span class='ocrx_word' id='word_1_233' title='bbox 670 2207 836 2263; x_wconf 80' lang='grc' dir='ltr'><em>δυσὶν</em></span> <span class='ocrx_word' id='word_1_234' title='bbox 869 2206 1072 2280; x_wconf 84' lang='grc' dir='ltr'><em>ὀρθαῖς</em></span> <span class='ocrx_word' id='word_1_235' title='bbox 1105 2214 1230 2274; x_wconf 79' lang='grc' dir='ltr'><em>ἴσας</em></span> <span class='ocrx_word' id='word_1_236' title='bbox 1259 2211 1542 2264; x_wconf 82' lang='grc' dir='ltr'><em>ποιοῦσιν·</em></span> <span class='ocrx_word' id='word_1_237' title='bbox 1584 2205 1668 2263; x_wconf 81' lang='grc' dir='ltr'><em>ἐπ’</em></span> <span class='ocrx_word' id='word_1_238' title='bbox 1713 2205 1938 2274; x_wconf 82' lang='grc' dir='ltr'><em>εὐθείας</em></span> <span class='ocrx_word' id='word_1_239' title='bbox 1970 2212 1988 2260; x_wconf 74' lang='grc'>1</span> 
     </span>
     <span class='ocr_line' id='line_1_25' title="bbox 237 2289 1988 2370; baseline 0.004 -21"><span class='ocrx_word' id='word_1_240' title='bbox 237 2292 348 2367; x_wconf 74' lang='grc' dir='ltr'><em>ἄρα</em></span> <span class='ocrx_word' id='word_1_241' title='bbox 387 2295 539 2350; x_wconf 82' lang='grc' dir='ltr'><em>ἐστὶν</em></span> <span class='ocrx_word' id='word_1_242' title='bbox 577 2295 612 2366; x_wconf 81' lang='grc' dir='ltr'>ἡ</span> <span class='ocrx_word' id='word_1_243' title='bbox 654 2300 763 2351; x_wconf 92' lang='grc' dir='ltr'><em>ΒΓ</em></span> <span class='ocrx_word' id='word_1_244' title='bbox 785 2300 851 2370; x_wconf 80' lang='grc' dir='ltr'><em>τῇ</em></span> <span class='ocrx_word' id='word_1_245' title='bbox 887 2301 1004 2352; x_wconf 91' lang='grc' dir='ltr'><em>ΓΕ.</em></span> <span class='ocrx_word' id='word_1_246' title='bbox 1979 2289 1988 2308; x_wconf 68' lang='lat'>¹</span> 
     </span>
     <span class='ocr_line' id='line_1_26' title="bbox 149 2381 1988 2459; baseline -0.002 -17"><span class='ocrx_word' id='word_1_247' title='bbox 149 2400 205 2442; x_wconf 83' lang='lat'><em>25</em></span> <span class='ocrx_word' id='word_1_248' title='bbox 343 2381 475 2439; x_wconf 78' lang='grc' dir='ltr'><em>Ἐὰν</em></span> <span class='ocrx_word' id='word_1_249' title='bbox 516 2383 624 2457; x_wconf 73' lang='grc' dir='ltr'><em>ἄρα</em></span> <span class='ocrx_word' id='word_1_250' title='bbox 665 2385 771 2441; x_wconf 81' lang='grc' dir='ltr'><em>δύο</em></span> <span class='ocrx_word' id='word_1_251' title='bbox 810 2390 1056 2456; x_wconf 82' lang='grc' dir='ltr'><em>τρίγωνα</em></span> <span class='ocrx_word' id='word_1_252' title='bbox 1096 2389 1340 2459; x_wconf 82' lang='grc' dir='ltr'><em>συντεθῇ</em></span> <span class='ocrx_word' id='word_1_253' title='bbox 1373 2384 1510 2440; x_wconf 84' lang='grc' dir='ltr'><em>κατὰ</em></span> <span class='ocrx_word' id='word_1_254' title='bbox 1550 2390 1685 2456; x_wconf 87' lang='grc' dir='ltr'><em>μίαν</em></span> <span class='ocrx_word' id='word_1_255' title='bbox 1722 2390 1935 2456; x_wconf 90' lang='grc' dir='ltr'><em>γωνίαν</em></span> <span class='ocrx_word' id='word_1_256' title='bbox 1976 2384 1988 2437; x_wconf 68' lang='lat'><em>2</em></span> 
     </span>
    </p>
   </div>
   <div class='ocr_carea' id='block_1_3' title="bbox 237 2505 595 2512">
    <p class='ocr_par' dir='ltr' id='par_1_3' title="bbox 237 2505 595 2512">
     <span class='ocr_line' id='line_1_27' title="bbox 237 2505 595 2512; baseline 0 640"><span class='ocrx_word' id='word_1_257' title='bbox 237 2505 595 2512; x_wconf 95' lang='lat' dir='ltr'><em> </em></span> 
     </span>
    </p>
   </div>
   <div class='ocr_carea' id='block_1_4' title="bbox 237 2560 1988 2977">
    <p class='ocr_par' dir='ltr' id='par_1_4' title="bbox 358 2560 1977 2634">
     <span class='ocr_line' id='line_1_28' title="bbox 358 2560 1977 2634; baseline 0.002 -30"><span class='ocrx_word' id='word_1_258' title='bbox 358 2565 398 2605; x_wconf 88' lang='lat'><em>3.</em></span> <span class='ocrx_word' id='word_1_259' title='bbox 432 2561 552 2619; x_wconf 89' lang='grc' dir='ltr'><em>ΔΓ]</em></span> <span class='ocrx_word' id='word_1_260' title='bbox 586 2564 677 2605; x_wconf 92' lang='grc' dir='ltr'><em>ΑΓ</em></span> <span class='ocrx_word' id='word_1_261' title='bbox 698 2579 733 2618; x_wconf 86' lang='grc' dir='ltr'><strong><em>φ</em></strong></span> <span class='ocrx_word' id='word_1_262' title='bbox 766 2564 878 2620; x_wconf 89' lang='lat' dir='ltr'>(non</span> <span class='ocrx_word' id='word_1_263' title='bbox 908 2562 979 2634; x_wconf 76' lang='lat' dir='ltr'><strong>F).</strong></span> <span class='ocrx_word' id='word_1_264' title='bbox 1102 2567 1143 2608; x_wconf 83' lang='lat'><strong>4.</strong></span> <span class='ocrx_word' id='word_1_265' title='bbox 1177 2560 1232 2607; x_wconf 78' lang='grc' dir='ltr'><em>αἱ</em></span> <span class='ocrx_word' id='word_1_266' title='bbox 1288 2564 1455 2607; x_wconf 71' lang='lat' dir='ltr'><strong>mutat.</strong></span> <span class='ocrx_word' id='word_1_267' title='bbox 1488 2563 1538 2607; x_wconf 89' lang='lat' dir='ltr'><em>in</em></span> <span class='ocrx_word' id='word_1_268' title='bbox 1570 2564 1655 2607; x_wconf 79' lang='grc' dir='ltr'><em>καί</em></span> <span class='ocrx_word' id='word_1_269' title='bbox 1681 2578 1742 2607; x_wconf 90' lang='lat' dir='ltr'><strong>m.</strong></span> <span class='ocrx_word' id='word_1_270' title='bbox 1766 2577 1856 2609; x_wconf 83' lang='lat' dir='ltr'><strong>rec.</strong></span> <span class='ocrx_word' id='word_1_271' title='bbox 1883 2564 1934 2619; x_wconf 86' lang='lat' dir='ltr'><em>F,</em></span> <span class='ocrx_word' id='word_1_272' title='bbox 1970 2581 1977 2595; x_wconf 78' lang='lat'>¹</span> 
     </span>
    </p>

    <p class='ocr_par' dir='ltr' id='par_1_5' title="bbox 237 2618 1988 2977">
     <span class='ocr_line' id='line_1_29' title="bbox 237 2618 1933 2681; baseline 0.002 -18"><span class='ocrx_word' id='word_1_273' title='bbox 237 2620 324 2664; x_wconf 76' lang='grc' dir='ltr'><em>καί</em></span> <span class='ocrx_word' id='word_1_274' title='bbox 347 2634 393 2676; x_wconf 84' lang='lat' dir='ltr'><strong>p.</strong></span> <span class='ocrx_word' id='word_1_275' title='bbox 518 2624 560 2667; x_wconf 88' lang='grc'><em>5.</em></span> <span class='ocrx_word' id='word_1_276' title='bbox 593 2621 753 2680; x_wconf 88' lang='grc' dir='ltr'><em>ΒΑΓ]</em></span> <span class='ocrx_word' id='word_1_277' title='bbox 789 2618 940 2666; x_wconf 83' lang='grc' dir='ltr'><em>’ἈΒΓ</em></span> <span class='ocrx_word' id='word_1_278' title='bbox 983 2621 1033 2666; x_wconf 88' lang='lat' dir='ltr'><em>F.</em></span> <span class='ocrx_word' id='word_1_279' title='bbox 1098 2620 1191 2667; x_wconf 84' lang='grc' dir='ltr'><em>εἰσί</em></span> <span class='ocrx_word' id='word_1_280' title='bbox 1261 2637 1307 2679; x_wconf 87' lang='lat' dir='ltr'><em>p.</em></span> <span class='ocrx_word' id='word_1_281' title='bbox 1430 2627 1470 2666; x_wconf 84' lang='lat'><strong>6.</strong></span> <span class='ocrx_word' id='word_1_282' title='bbox 1504 2623 1664 2681; x_wconf 88' lang='grc' dir='ltr'><em>ΑΓΛ]</em></span> <span class='ocrx_word' id='word_1_283' title='bbox 1697 2618 1859 2666; x_wconf 83' lang='grc' dir='ltr'><em>’ἏΤΔ</em></span> <span class='ocrx_word' id='word_1_284' title='bbox 1883 2623 1933 2668; x_wconf 90' lang='lat' dir='ltr'><strong>F.</strong></span> 
     </span>
     <span class='ocr_line' id='line_1_30' title="bbox 241 2675 1931 2740; baseline 0.003 -18"><span class='ocrx_word' id='word_1_285' title='bbox 241 2675 366 2723; x_wconf 79' lang='grc' dir='ltr'><em>ἔστιν</em></span> <span class='ocrx_word' id='word_1_286' title='bbox 400 2679 476 2735; x_wconf 78' lang='grc' dir='ltr'><em>ἴση</em></span> <span class='ocrx_word' id='word_1_287' title='bbox 507 2678 564 2723; x_wconf 91' lang='lat' dir='ltr'><em>V.</em></span> <span class='ocrx_word' id='word_1_288' title='bbox 659 2685 728 2725; x_wconf 90' lang='grc'><em>10.</em></span> <span class='ocrx_word' id='word_1_289' title='bbox 762 2679 817 2725; x_wconf 84' lang='grc' dir='ltr'><em>δέ</em></span> <span class='ocrx_word' id='word_1_290' title='bbox 881 2695 1032 2739; x_wconf 86' lang='lat' dir='ltr'><strong>comp.</strong></span> <span class='ocrx_word' id='word_1_291' title='bbox 1067 2696 1206 2740; x_wconf 82' lang='lat' dir='ltr'><strong>supra</strong></span> <span class='ocrx_word' id='word_1_292' title='bbox 1236 2696 1298 2726; x_wconf 88' lang='lat' dir='ltr'><strong>m.</strong></span> <span class='ocrx_word' id='word_1_293' title='bbox 1334 2685 1357 2724; x_wconf 93' lang='lat'><strong>1</strong></span> <span class='ocrx_word' id='word_1_294' title='bbox 1383 2681 1432 2725; x_wconf 91' lang='lat' dir='ltr'><em>F.</em></span> <span class='ocrx_word' id='word_1_295' title='bbox 1529 2686 1597 2727; x_wconf 93' lang='lat'><strong>11.</strong></span> <span class='ocrx_word' id='word_1_296' title='bbox 1631 2681 1741 2739; x_wconf 85' lang='lat' dir='ltr'><em>BA]</em></span> <span class='ocrx_word' id='word_1_297' title='bbox 1778 2685 1857 2725; x_wconf 85' lang='lat' dir='ltr'><em>AB</em></span> <span class='ocrx_word' id='word_1_298' title='bbox 1883 2682 1931 2728; x_wconf 89' lang='lat' dir='ltr'><strong>P.</strong></span> 
     </span>
     <span class='ocr_line' id='line_1_31' title="bbox 239 2736 1988 2799; baseline 0.002 -19"><span class='ocrx_word' id='word_1_299' title='bbox 239 2738 358 2796; x_wconf 83' lang='grc' dir='ltr'><em>ΑΓ]</em></span> <span class='ocrx_word' id='word_1_300' title='bbox 389 2738 440 2782; x_wconf 88' lang='lat' dir='ltr'><em>in</em></span> <span class='ocrx_word' id='word_1_301' title='bbox 468 2751 558 2782; x_wconf 74' lang='lat' dir='ltr'><strong>rae.</strong></span> <span class='ocrx_word' id='word_1_302' title='bbox 591 2753 652 2782; x_wconf 90' lang='lat' dir='ltr'><strong>m.</strong></span> <span class='ocrx_word' id='word_1_303' title='bbox 685 2753 775 2784; x_wconf 86' lang='lat' dir='ltr'><strong>rec.</strong></span> <span class='ocrx_word' id='word_1_304' title='bbox 855 2775 865 2795; x_wconf 92' lang='lat'>‚</span> <span class='ocrx_word' id='word_1_305' title='bbox 901 2743 983 2784; x_wconf 89' lang='grc' dir='ltr'><em>ΓΑ</em></span> <span class='ocrx_word' id='word_1_306' title='bbox 1014 2741 1064 2785; x_wconf 90' lang='lat' dir='ltr'><em>F.</em></span> <span class='ocrx_word' id='word_1_307' title='bbox 1212 2745 1280 2787; x_wconf 83' lang='lat'><strong>12.</strong></span> <span class='ocrx_word' id='word_1_308' title='bbox 1316 2736 1442 2785; x_wconf 78' lang='grc' dir='ltr'><em>ἐστίν</em></span> <span class='ocrx_word' id='word_1_309' title='bbox 1472 2739 1526 2786; x_wconf 90' lang='grc' dir='ltr'><em>Ρ.</em></span> <span class='ocrx_word' id='word_1_310' title='bbox 1671 2741 1843 2799; x_wconf 89' lang='grc' dir='ltr'><em>ΔΓΕ]</em></span> <span class='ocrx_word' id='word_1_311' title='bbox 1875 2740 1931 2795; x_wconf 87' lang='grc' dir='ltr'><em>Ρ;</em></span> <span class='ocrx_word' id='word_1_312' title='bbox 1979 2741 1988 2797; x_wconf 20' lang='lat'><em>¹¹</em></span> 
     </span>
     <span class='ocr_line' id='line_1_32' title="bbox 237 2792 1980 2855; baseline 0.002 -15"><span class='ocrx_word' id='word_1_313' title='bbox 237 2792 427 2841; x_wconf 75' lang='lat' dir='ltr'><em>&#39;‘A&#39;PE</em></span> <span class='ocrx_word' id='word_1_314' title='bbox 457 2797 515 2852; x_wconf 80' lang='lat' dir='ltr'><em>F3</em></span> <span class='ocrx_word' id='word_1_315' title='bbox 550 2800 684 2841; x_wconf 90' lang='grc' dir='ltr'><em>ΓΔΕ</em></span> <span class='ocrx_word' id='word_1_316' title='bbox 714 2798 793 2855; x_wconf 88' lang='lat' dir='ltr'><em>Bp</em></span> <span class='ocrx_word' id='word_1_317' title='bbox 827 2799 875 2844; x_wconf 74' lang='lat' dir='ltr'><em>et</em></span> <span class='ocrx_word' id='word_1_318' title='bbox 905 2800 954 2843; x_wconf 90' lang='lat' dir='ltr'><em>in</em></span> <span class='ocrx_word' id='word_1_319' title='bbox 985 2814 1074 2845; x_wconf 84' lang='lat' dir='ltr'><strong>ras.</strong></span> <span class='ocrx_word' id='word_1_320' title='bbox 1107 2814 1168 2844; x_wconf 87' lang='lat' dir='ltr'><strong>m.</strong></span> <span class='ocrx_word' id='word_1_321' title='bbox 1193 2805 1220 2844; x_wconf 77' lang='lat'>2</span> <span class='ocrx_word' id='word_1_322' title='bbox 1246 2799 1299 2845; x_wconf 89' lang='lat' dir='ltr'><em>V.</em></span> <span class='ocrx_word' id='word_1_323' title='bbox 1426 2805 1493 2844; x_wconf 87' lang='lat'><strong>13.</strong></span> <span class='ocrx_word' id='word_1_324' title='bbox 1528 2802 1670 2844; x_wconf 89' lang='grc' dir='ltr'><em>ΔΓΕ</em></span> <span class='ocrx_word' id='word_1_325' title='bbox 1732 2802 1851 2844; x_wconf 86' lang='grc' dir='ltr'><em>ωνία</em></span> <span class='ocrx_word' id='word_1_326' title='bbox 1875 2799 1932 2844; x_wconf 92' lang='lat' dir='ltr'><strong>V.</strong></span> <span class='ocrx_word' id='word_1_327' title='bbox 1978 2839 1980 2842; x_wconf 77' lang='grc'><em>,</em></span> 
     </span>
     <span class='ocr_line' id='line_1_33' title="bbox 301 2845 1969 2918; baseline 0.002 -19"><span class='ocrx_word' id='word_1_328' title='bbox 301 2860 369 2901; x_wconf 87' lang='grc'><strong>14.</strong></span> <span class='ocrx_word' id='word_1_329' title='bbox 403 2856 562 2914; x_wconf 90' lang='grc' dir='ltr'><em>ΒΑΓ]</em></span> <span class='ocrx_word' id='word_1_330' title='bbox 613 2859 698 2901; x_wconf 91' lang='grc' dir='ltr'><em>ΓΑ</em></span> <span class='ocrx_word' id='word_1_331' title='bbox 742 2871 882 2916; x_wconf 82' lang='lat' dir='ltr'>supra</span> <span class='ocrx_word' id='word_1_332' title='bbox 921 2872 1008 2903; x_wconf 79' lang='lat' dir='ltr'><strong>scr.</strong></span> <span class='ocrx_word' id='word_1_333' title='bbox 1047 2863 1084 2903; x_wconf 92' lang='grc' dir='ltr'><em>Β</em></span> <span class='ocrx_word' id='word_1_334' title='bbox 1116 2875 1177 2905; x_wconf 86' lang='lat' dir='ltr'><strong>m.</strong></span> <span class='ocrx_word' id='word_1_335' title='bbox 1213 2864 1235 2904; x_wconf 96' lang='lat'>1</span> <span class='ocrx_word' id='word_1_336' title='bbox 1268 2859 1318 2903; x_wconf 90' lang='lat' dir='ltr'><strong>F.</strong></span> <span class='ocrx_word' id='word_1_337' title='bbox 1473 2863 1541 2905; x_wconf 85' lang='lat'><strong>15.</strong></span> <span class='ocrx_word' id='word_1_338' title='bbox 1576 2861 1650 2916; x_wconf 77' lang='grc' dir='ltr'><em>ἴση</em></span> <span class='ocrx_word' id='word_1_339' title='bbox 1722 2845 1841 2918; x_wconf 81' lang='grc' dir='ltr'><em>στίν]</em></span> <span class='ocrx_word' id='word_1_340' title='bbox 1881 2859 1933 2916; x_wconf 88' lang='lat' dir='ltr'><em>P,</em></span> <span class='ocrx_word' id='word_1_341' title='bbox 1967 2883 1969 2885; x_wconf 95' lang='lat'>·</span> 
     </span>
     <span class='ocr_line' id='line_1_34' title="bbox 237 2913 1931 2977; baseline 0.002 -18"><span class='ocrx_word' id='word_1_342' title='bbox 237 2913 280 2959; x_wconf 92' lang='lat' dir='ltr'><strong>V</strong></span> <span class='ocrx_word' id='word_1_343' title='bbox 303 2929 365 2959; x_wconf 82' lang='lat' dir='ltr'><strong>m.</strong></span> <span class='ocrx_word' id='word_1_344' title='bbox 401 2921 440 2971; x_wconf 84' lang='lat'><em>1,</em></span> <span class='ocrx_word' id='word_1_345' title='bbox 475 2929 624 2972; x_wconf 83' lang='lat' dir='ltr'>comp,</span> <span class='ocrx_word' id='word_1_346' title='bbox 657 2931 710 2973; x_wconf 78' lang='lat' dir='ltr'><em>p3</em></span> <span class='ocrx_word' id='word_1_347' title='bbox 743 2918 818 2973; x_wconf 79' lang='grc' dir='ltr'><em>ἴση</em></span> <span class='ocrx_word' id='word_1_348' title='bbox 852 2913 1077 2972; x_wconf 73' lang='grc' dir='ltr'><em>ἕστίΒΓς</em></span> <span class='ocrx_word' id='word_1_349' title='bbox 1113 2921 1210 2963; x_wconf 74' lang='grc' dir='ltr'><em>ἴσαι</em></span> <span class='ocrx_word' id='word_1_350' title='bbox 1233 2916 1352 2963; x_wconf 79' lang='grc' dir='ltr'><em>εἰσίν</em></span> <span class='ocrx_word' id='word_1_351' title='bbox 1383 2918 1425 2963; x_wconf 92' lang='lat' dir='ltr'><strong>V</strong></span> <span class='ocrx_word' id='word_1_352' title='bbox 1450 2934 1509 2962; x_wconf 90' lang='lat' dir='ltr'><strong>m.</strong></span> <span class='ocrx_word' id='word_1_353' title='bbox 1537 2923 1576 2963; x_wconf 84' lang='lat'><strong>2.</strong></span> <span class='ocrx_word' id='word_1_354' title='bbox 1673 2924 1742 2963; x_wconf 85' lang='grc'><em>17.</em></span> <span class='ocrx_word' id='word_1_355' title='bbox 1768 2919 1931 2977; x_wconf 89' lang='grc' dir='ltr'><em>ΒΑΓ]</em></span> 
     </span>
    </p>
   </div>
  </div>
 </body>
</html>
