1988 3152
203 153 315 207 234
864 111 1200 196 ΣΤοΙΧΕῑῼΝ
1233 151 1288 206 ς’.

205 270 234 328 6
283 279 339 327 A
384 270 493 344 ἄρα
539 271 640 327 τὸν
687 277 734 326 Β
782 282 971 342 μετρεῖ
1010 269 1148 326 κατὰ
1186 273 1284 337 τὰς
1323 273 1384 326 ἐν
1429 275 1506 348 τῷ
1549 277 1600 326 Ε
1636 271 1899 342 μονάδας.

202 362 297 416 καὶ
337 361 453 416 ἐπεὶ
494 357 523 414 6
566 364 619 437 Γ
649 357 753 414 τὸν
792 366 846 414 A
884 369 1068 432 μετρεῖ
1106 357 1244 414 κατὰ
1281 358 1379 425 τὰς
1418 361 1478 415 ἐν
1516 363 1591 436 τῷ
1635 365 1687 414 Ε
1729 358 1898 430 μονά-

204 453 330 520 δας,
378 448 475 503 καὶ·
518 445 548 503 6
596 453 650 502 Ε
693 445 803 519 ἄρα
849 446 950 503 τὸν
996 457 1050 502 A
1095 458 1284 519 μετρεῖ
1325 446 1463 503 κατὰ
1500 447 1600 514 τὰς
1639 450 1699 504 ἐν
1738 452 1812 525 τῷ
1853 453 1906 503 Γ

203 537 468 609 μονάδας.
554 534 649 591 διὰ
703 535 768 590 τὰ
829 533 971 591 αὐτὰ
1026 535 1096 606 δὴ
1154 534 1184 591 6
1243 543 1296 592 Ε
1337 536 1429 591 καὶ
1475 535 1575 592 τὸν
1621 543 1668 592 Β
1715 547 1902 608 μετρεῖ

144 635 172 674 ὅ
203 623 342 680 κατὰ
379 623 479 690 τὰς
518 625 580 679 ἐν
617 628 693 700 τῷ
736 631 792 678 A
830 623 1095 695 μονάδας.
1159 621 1188 679 6
1230 630 1283 678 Ε
1319 623 1429 697 ἄρα
1466 623 1599 690 τοὺς
1629 633 1700 695 A,
1731 632 1778 681 Β
1810 648 1901 697 με·

201 725 324 785 τρεῖ
372 712 629 784 πρώτους
678 711 846 778 ὄντας
875 711 1022 785 ’πρὸς
1061 711 1358 783 ἀλλήλους·
1400 712 1534 784 ὅπερ
1575 713 1725 769 ἐστὶν
1764 712 1898 769 ἀδύ-

203 823 392 857 νατον.
471 803 575 858 οὐκ
621 800 733 874 ἄρα
780 805 1009 856 ἔσονταί
1047 822 1194 866 τινες
1238 804 1351 857 τῶν
1398 809 1475 870 Α,
1508 806 1555 856 Β
1604 801 1900 868 ἐλάσσονες

203 887 440 961 ἀριθμοὶ
486 892 548 946 ἐν
594 894 669 964 τῷ
719 888 866 964 αὐτῷ
915 890 1061 965 λόγῳ
1111 888 1267 954 ὄντες
1312 899 1429 954 τοῖς
1474 897 1553 960 Α,
1589 896 1649 945 Β.
1735 893 1792 946 οἱ
1832 884 1897 961 Α,

203 984 250 1033 Β
291 976 401 1051 ἄρα
448 977 731 1049 ἐλάχιστοί
772 981 880 1033 εἰσι
926 981 1040 1035 τῶν
1079 976 1180 1033 τὸν
1220 975 1394 1033 αὐτὸν
1441 977 1615 1048 λόγον
1655 978 1898 1050 ἐχόντων

117 1083 171 1124 10
205 1065 414 1132 αὐτοῖς·
456 1067 591 1139 ὅπερ
633 1070 745 1122 ἔδει
786 1067 975 1133 δεῖξαι.

995 1241 1103 1312 κβ’.

317 1349 397 1402 Oc
434 1346 773 1418 ἐλάχιστοι
813 1344 1094 1418 ἀριθμοὶ
1133 1349 1267 1401 τῶν
1305 1344 1420 1401 τὸν
1455 1345 1659 1402 αὐτὸν
1699 1347 1899 1419 λόγον

203 1437 491 1507 ἐχόντων
545 1433 775 1500 αὐτοῖς
829 1437 1076 1506 πρῶτοι
1123 1433 1284 1506 πρὸς
1331 1432 1658 1505 ἀλλήλους
1712 1440 1898 1492 εἰσίν.

299 1523 593 1579 ’Ἑστωσαν
642 1523 921 1594 ἐλάχιστοι
976 1521 1212 1593 ἀριθμοὶ
1258 1525 1372 1578 τῶν
1424 1521 1524 1578 τὸν
1580 1522 1755 1579 αὐτὸν
1809 1523 1901 1580 λό-

114 1632 168 1673 15
199 1636 304 1685 γον
359 1611 604 1684 ἑχόντων
658 1609 848 1677 αὐτοῖς
902 1614 961 1666 οί
1012 1618 1087 1679 Α,
1135 1617 1204 1665 Β·
1251 1611 1419 1682 λέγω,
1475 1609 1560 1667 ὅτι
1617 1614 1675 1667 οἱ
1725 1620 1803 1683 A,
1852 1618 1899 1668 Β

199 1705 412 1773 πρῶτοι
451 1698 591 1771 πρὸς
630 1697 907 1770 ἀλλήλους
946 1701 1103 1754 εἰσίν.

314 1793 388 1845 Εἰ
434 1788 543 1860 γὰρ
592 1786 667 1859 μή
710 1791 817 1843 εἰσι
856 1789 1066 1857 πρῶτοι
1104 1785 1245 1859 πρὸς
1284 1785 1589 1859 ἀλλήλους,
1641 1788 1899 1861 μετρήσει

199 1900 283 1943 τις
328 1875 535 1942 αὐτους
582 1873 840 1947 ἀριθμός.
927 1880 1214 1948 μετρείτω,
1266 1875 1358 1930 καὶ
1404 1879 1542 1930 ἔστω
1592 1873 1621 1931 6
1670 1882 1730 1933 Γ.
1806 1879 1897 1933 καὶ,

204 1964 398 2031 ὁσάκις
451 1965 553 2037 μὲν
611 1962 640 2020 6
697 1969 750 2019 Γ
795 1962 896 2019 τὸν
952 1970 1005 2019 A
1059 1974 1268 2035 μετρεῖ,
1330 1967 1596 2020 τοσαῦται
1658 1966 1900 2036 μονάδες

113 2077 171 2117 20
206 2058 453 2110 ἔστωσαν
494 2056 555 2110 ἐν
594 2057 668 2128 τῷ
711 2059 790 2123 Δ,
841 2050 1035 2118 ὁσάκις
1075 2051 1137 2108 δὲ
1176 2050 1207 2107 6
1248 2057 1301 2108 Γ
1330 2051 1432 2108 τὸν
1472 2058 1519 2107 Β
1558 2065 1767 2125 μετρεῖ,
1813 2076 1899 2110 το-

204 2147 403 2199 σαῦται
446 2141 689 2214 μονάδες
730 2146 978 2197 ἔστωσαν
1019 2143 1079 2196 ἐν
1118 2144 1193 2217 τῷ
1236 2147 1298 2196 Ε.

310 2229 460 2287 Ἐπεὶ
523 2228 552 2286 6
619 2236 672 2287 Γ
725 2229 826 2287 τὸν
888 2238 940 2285 Α
1003 2240 1191 2301 μετρεῖ
1247 2228 1384 2285 κατὰ
1447 2229 1546 2295 τὰς
1600 2232 1661 2286 ἐν
1713 2234 1789 2307 τῷ
1846 2239 1901 2287 A

203 2319 483 2390 μονάδας,
538 2316 567 2374 6
625 2324 679 2374 Γ
725 2317 836 2390 ἄρα
889 2316 1015 2373 τὸν
1046 2325 1101 2373 A
1155 2317 1645 2384 πολλαπλασιάσας
1698 2317 1797 2375 τὸν
1848 2329 1901 2375 Α

323 2465 465 2510 XXII.
499 2466 766 2511 Alexander
797 2465 1004 2522 Aphrod.
1036 2464 1084 2509 in
1118 2465 1239 2510 anal.
1273 2480 1341 2522 pr.
1375 2465 1455 2508 fol.
1489 2469 1559 2509 87.

324 2635 365 2674 2.
398 2629 478 2674 καὶ
535 2624 642 2673 ἐπεί
677 2654 735 2661 -
776 2624 1015 2700 μονάδας]
1066 2641 1155 2671 om.
1203 2627 1239 2675 P
1294 2627 1482 2683 (abesse
1528 2642 1622 2673 non
1669 2630 1899 2700 possunt).

205 2689 273 2747 E]
323 2702 539 2745 supraq)
546 2724 555 2733 .
707 2693 749 2732 4.
781 2685 838 2731 τὰ
870 2684 1020 2745 αὐτά]
1054 2702 1206 2731 ταυτα
1244 2686 1296 2730 Β.
1459 2684 1484 2731 6
1527 2690 1569 2731 Ε
1608 2687 1720 2746 καί]
1760 2688 1842 2732 καὶ
1875 2683 1900 2732 ὁ
1982 2715 1984 2718 ν

205 2750 266 2819 E,
284 2747 387 2803 th.
533 2753 572 2791 9.
621 2745 739 2791 εἰσιν
779 2745 877 2791 ΡΒ.
1017 2751 1085 2790 11.
1117 2743 1197 2791 κδ’
1238 2744 1367 2802 BVp
1388 2746 1474 2801 ‚P
1506 2751 1975 2791 m.rec.12..

205 2801 364 2850 αὐτῶν
403 2806 461 2862 Ρ,
503 2820 617 2850 corr.
657 2821 717 2851 m.
764 2810 802 2849 1.
935 2810 1004 2850 13.
1044 2800 1226 2863 αυτοῖς]
1276 2818 1364 2849 om.
1414 2804 1690 2851 Alexander.
1831 2810 1898 2850 15.

205 2865 320 2910 Post
360 2841 566 2921 ἐχόντων
605 2864 656 2908 in
685 2865 727 2908 V
760 2860 976 2919 ἀλλήλοις
1007 2864 1146 2909 delet.
1242 2869 1308 2909 16.
1344 2862 1440 2908 εἰσί
1457 2881 1508 2920 φ.
1603 2869 1670 2909 17.
1706 2862 1824 2909 εἰσιν
1846 2863 1900 2910 Β.

204 2924 407 2982 πρῶτοι]
457 2922 506 2968 οἷ
541 2928 607 2980 A,
634 2928 669 2967 Β
709 2923 884 2978 πρῶτοι
916 2924 1008 2981 Bp.
1070 2918 1296 2980 ἀλλήλους
1336 2920 1387 2967 οἷ
1412 2926 1470 2977 A,
1504 2926 1539 2966 Β
1572 2923 1674 2979 ch.
1829 2928 1900 2968 18.
