1988 3152
489 61 949 104 ELEMENTORUM
981 59 1165 102 LIBER
1194 59 1247 102 V.
1667 57 1739 110 49

41 199 208 250 aeque
249 179 575 249 multiplices
618 182 764 249 sunt,
811 182 865 232 et
904 182 983 248 H,
1023 183 1070 233 Θ
1109 177 1546 250 magnitudinum
1584 180 1646 247 Γ,
1687 182 1742 230 Δ

39 269 177 322 aliae
209 269 429 337 quaeuis
474 285 642 337 aeque
681 267 1030 337 multiplices3
1069 269 1251 338 itaque
1282 271 1336 321 A
1359 287 1372 321 :
1396 268 1450 319 Γ
1467 292 1536 310 =
1561 270 1609 320 Β
1635 285 1646 319 :
1673 271 1742 322 A.

151 357 302 427 Ergo
338 357 385 410 si
417 359 675 426 quattuor
706 355 1114 426 magnitudines
1138 356 1574 426 proportionales
1601 360 1740 438 sunt,

39 447 201 500 etiam
240 444 597 515 permutando
636 444 1070 514 proportionales
1103 449 1284 514 erunt3
1326 445 1468 514 quod
1501 447 1619 498 erat
1651 444 1739 497 de-

39 534 469 587 monstrandum.

796 618 972 673 XVII.

153 725 211 779 Si
273 725 603 795 compositae
658 723 1059 794 magnitudines
1114 724 1550 793 proportionales
1599 727 1739 794 sunt,

41 816 208 869 etiam
249 812 549 868 dirimendo
589 811 1028 881 proportionales
1068 815 1239 865 erunt.

151 902 274 957 Sint
312 902 645 973 compositae
684 900 1090 971 magnitudines
1130 901 1566 972 proportionales
1610 906 1663 954 A
1673 905 1738 970 Β,

38 997 160 1062 ΒΕ,
199 994 317 1059 ΓΔ,
358 993 484 1060 ΛΖ,
522 991 601 1043 ita
639 993 702 1042 ut
740 991 813 1043 sit
850 992 1543 1043 AB:BE=FA:AZ.
1605 989 1739 1058 dico,

39 1083 205 1135 etiam
245 1079 543 1134 dirimendo
584 1096 702 1131 esse
742 1081 857 1130 ΑΕ
879 1096 890 1129 :
916 1081 1021 1130 ΕΒ
1048 1102 1118 1120 ---
1144 1079 1245 1130 ΓΖ
1269 1097 1281 1130 :
1308 1081 1434 1131 AZ.

151 1172 433 1223 sumantur
483 1168 628 1221 enim
667 1167 1106 1237 magnitudinum
1146 1170 1272 1237 ΑΕ,
1311 1170 1431 1236 ΕΒ,
1470 1170 1587 1237 ΓΖ,
1627 1171 1740 1220 ΖΔ

39 1276 208 1328 aeque
247 1259 577 1328 multiplices
617 1260 744 1326 ΗΘ,
783 1259 915 1327 ΘΚ,
954 1259 1104 1327 ΛΜ,
1144 1259 1285 1309 ΜΝ
1318 1260 1372 1309 et
1410 1256 1738 1326 magnitudi-

37 1366 169 1401 num
194 1351 315 1416 ΕΒ,
341 1351 451 1400 ΖΔ
483 1347 622 1399 aliae
646 1345 869 1414 quaeuis
902 1363 1071 1415 aeque
1103 1345 1429 1414 multiplices
1454 1348 1511 1397 K
1516 1345 1576 1415 Ξ,
1601 1349 1665 1398 Ν
1667 1350 1739 1400 Π.

38 1440 93 1490 et
133 1436 390 1507 quoniam
429 1439 543 1489 ΗΘ
582 1433 972 1506 magnitudinis
1011 1438 1066 1487 Α
1075 1437 1128 1486 Ε
1164 1437 1219 1487 et
1257 1438 1371 1488 ΘΚ
1408 1434 1739 1505 magnitudi-

38 1526 125 1579 nis
173 1529 278 1579 ΕΒ
335 1542 502 1595 aeque
552 1524 838 1592 multiplex
886 1526 990 1592 est,
1045 1523 1148 1576 erit
1186 1526 1301 1577 ΗΘ
1345 1523 1738 1594 magnitudinis

38 1619 93 1667 A
102 1618 154 1667 E
173 1618 228 1667 et
253 1617 376 1667 HK
397 1612 789 1684 magnitudinis
814 1616 922 1665 AB
963 1629 1132 1682 aeque
1156 1612 1446 1682 multiplex
1479 1612 1654 1682 [prop.
1671 1612 1738 1681 1].

37 1721 226 1758 uerum
250 1705 363 1755 ΗΘ
402 1701 795 1773 magnitudinis
819 1706 873 1754 A
883 1704 935 1754 E
971 1704 1027 1754 et
1051 1703 1189 1753 AM
1217 1701 1610 1770 magnitudinis
1637 1703 1738 1753 ΓΖ

42 1810 209 1862 aeque
248 1791 533 1860 multiplex
573 1794 669 1844 est.
724 1790 909 1858 itaque
949 1792 1075 1842 HK
1110 1790 1504 1859 magnitudinis
1536 1795 1645 1844 AB
1686 1795 1739 1845 et

40 1884 175 1935 AM
221 1880 614 1950 magnitudinis
661 1881 763 1932 ΓΖ
819 1896 987 1947 aeque
1035 1878 1322 1947 multiplex
1376 1884 1473 1932 est.
1550 1898 1738 1933 rursus

42 1970 300 2038 quoniam
340 1971 474 2020 AM
508 1966 903 2038 magnitudinis
943 1969 1044 2019 ΓΖ
1085 1969 1138 2019 et
1177 1970 1316 2020 MN
1347 1968 1738 2038 magnitudinis

43 2060 155 2109 ZA
202 2074 367 2126 aeque
416 2056 700 2126 multiplex
740 2055 998 2125 est,-erit
1037 2057 1173 2108 AM
1203 2056 1595 2125 magnitudinis
1636 2060 1738 2111 ΓΖ

42 2147 96 2196 et
142 2147 266 2196 AN
310 2142 701 2213 magnitudinis
750 2146 853 2197 ΓΔ
903 2161 1070 2212 aeque
1123 2144 1408 2212 multiplex
1456 2146 1632 2214 [prop.
1671 2145 1737 2212 1].

38 2235 154 2284 erat
194 2235 374 2284 autem
414 2234 549 2284 AM
578 2216 969 2302 magnitudinis
1009 2234 1110 2285 ΓΖ
1151 2235 1206 2285 et
1244 2235 1369 2285 HK
1404 2234 1737 2304 magnitudi-

38 2320 124 2373 nis
171 2323 279 2373 AB
337 2337 504 2390 aeque
558 2321 860 2390 multiplex.
937 2322 1120 2391 itaque
1168 2324 1294 2374 HK
1346 2323 1735 2394 magnitudinis

39 2411 149 2462 AB
205 2412 257 2461 et
303 2411 429 2461 AN
476 2408 866 2479 magnitudinis
913 2411 1019 2463 ΓΔ
1074 2428 1243 2480 aeque
1299 2412 1588 2481 multiplex
1640 2415 1736 2466 est.

37 2608 153 2671 ἄρα]
203 2612 251 2657 in
298 2627 388 2658 ras.
434 2629 494 2659 m.
538 2620 564 2659 2
605 2614 659 2659 V.
814 2615 936 2673 HK]
976 2619 1020 2660 K
1064 2615 1114 2659 in
1156 2629 1245 2660 ras.
1287 2632 1348 2661 m.
1382 2621 1408 2661 2
1442 2617 1504 2670 V;
1553 2620 1662 2662 AM
1685 2618 1735 2662 Ρ.

97 2677 169 2717 20.
203 2673 304 2731 AB]
340 2675 375 2716 Β
405 2673 452 2718 in
485 2687 559 2718 ras
591 2689 651 2720 m.
685 2679 711 2718 2
745 2674 806 2729 V;
845 2677 929 2718 ΓΖ
959 2674 1009 2720 P.
1148 2676 1271 2734 AM]
1310 2679 1409 2720 HK
1438 2676 1487 2722 Ρ.
1630 2677 1733 2735 ΓΖ]

42 2734 123 2775 AB
163 2731 212 2775 P.
290 2730 433 2777 πάλιν
482 2729 591 2778 ἐπεί
619 2760 674 2766 -
709 2738 787 2779 21:
829 2735 913 2779 τοῦ
960 2735 1062 2793 ΓΖ]
1103 2750 1196 2793 mg.
1238 2751 1298 2780 m.
1332 2749 1421 2781 rec.
1456 2734 1515 2791 B;
1566 2750 1655 2782 om.
1690 2752 1734 2793 p.

100 2795 171 2834 21.
210 2791 317 2849 ΖΔ]
353 2795 438 2836 ΔΖ
471 2792 614 2850 va.
739 2798 811 2839 23.
843 2794 960 2853 AN]
996 2796 1094 2839 AH
1123 2795 1165 2840 V
1199 2809 1222 2840 e
1256 2809 1372 2841 corr.
1407 2810 1465 2839 m.
1501 2801 1539 2840 2.
1664 2799 1736 2840 24.

38 2850 145 2908 τοῦ]
182 2851 350 2909 (prius)
381 2851 452 2895 bis
485 2868 530 2910 p.
653 2853 757 2911 AB]
793 2866 908 2898 eras.
943 2869 986 2912 p.

128 2930 383 2975 Euclidon,
409 2935 493 2969 edd.
520 2935 686 2977 Heiberg
713 2938 750 2970 et
776 2936 920 2978 mange.
965 2937 1017 2971 11.
1441 2935 1466 2972 4
