1988 3152
242 91 351 144 374
868 92 1205 134 ΣΤοῙΧΕῙΩΝ
1234 88 1307 138 θ’.

239 210 341 281 μὲν
390 203 496 266 οὖν
544 215 598 264 Ε
642 206 711 264 οὐ
764 208 1162 281 μετρήσουσιν·
1219 207 1247 265 ὁ
1306 208 1416 282 γὰρ
1463 216 1516 265 Ε
1556 210 1775 282 πρῶτός
1822 213 1934 268 ε’στι

240 300 333 354 καὶ
374 297 565 354 οὐδενὶ
597 299 710 353 τῶν
750 303 815 368 Β,
848 302 912 368 Γ,
946 303 1001 352 Δ
1033 295 1062 353 ὁ
1097 295 1279 363 αὐτός.
1348 296 1448 354 τὸν
1482 305 1527 353 Ζ
1560 297 1669 369 ἄρα
1702 303 1932 371 μετροῦ-
1983 368 1988 371 ῃ

240 404 332 443 σιν
380 386 659 442 ἐλάσσονα
707 384 844 442 ὄντα
891 389 994 441 τοῦ
1040 393 1118 441 A·
1176 386 1310 456 ὅπερ
1359 384 1660 444 ἀδύνατον.
1746 386 1775 443 ὁ
1825 387 1933 460 γὰρ

237 484 291 531 Α
329 473 618 530 ὑπόκειται
650 473 936 546 ἐλάχιστος
965 472 1078 530 ὑπὸ
1110 477 1224 530 τῶν
1256 481 1321 544 Β,
1353 480 1418 545 Γ,
1452 482 1508 530 Δ
1547 475 1933 549 μετρούμενος.

183 575 209 615 5
243 563 346 621 οὐκ
384 562 495 637 ἄρα
535 561 636 618 τὸν
674 570 727 618 A
765 562 1023 635 μετρήσει
1061 566 1278 634 πρῶτος
1318 561 1560 634 ἀριθμὸς
1598 563 1768 637 παρὲξ
1819 568 1935 620 τῶν

240 659 313 723 Β,
346 657 419 724 Γ,
454 659 531 707 Δ·
573 649 708 724 ὅπερ
749 656 863 708 ἔδει
904 654 1094 719 δεῖξαι.

1043 836 1090 870 ιε
1119 859 1130 870 .

343 916 490 974 Ἐὰν
521 928 697 989 τρεῖς
728 917 1009 989 ἀριθμοὶ
1042 917 1185 988 ἑξῆς
1217 915 1552 989 ἀνάλογον
1586 912 1746 975 ὦσιν
1791 919 1935 976 ἐλά-

237 1023 454 1079 χιστοι
502 1010 629 1062 τῶν
676 1005 792 1061 τὸν
840 1004 1046 1061 αὐτὸν
1095 1006 1297 1076 λόγον
1346 1007 1635 1078 ἐχόντων
1684 1005 1935 1079 αὐτοῖς,

150 1106 205 1146 10
239 1095 357 1151 δύο
414 1093 769 1151 ὁποιοιοῦν
821 1096 1262 1160 συντεθέντες
1310 1094 1471 1166 πρὸς
1525 1093 1641 1151 τὸν
1695 1095 1933 1153 λοιπὸν
1975 1094 1988 1102 ’

235 1188 492 1255 πρῶτοί
526 1187 718 1239 εἰσιν.

330 1272 623 1328 ’Ἑστωσαν
669 1283 815 1345 τρεῖς
861 1270 1098 1344 ἀριθμοὶ
1146 1272 1270 1343 ἑξῆς
1320 1270 1608 1344 ἀνάλογον
1656 1273 1933 1346 ἐλάχιστοι

233 1366 350 1418 τῶν
393 1361 495 1418 τὸν
542 1359 717 1417 αὐτὸν
775 1361 946 1432 λόγον
1002 1359 1247 1432 ἐχόντων
1308 1359 1498 1427 αὐτοῖς
1545 1365 1606 1418 οἱ
1650 1370 1729 1433 A,
1761 1370 1834 1433 Β,
1868 1369 1933 1419 Γ·

236 1452 404 1522 λέγω,
461 1449 547 1507 ὅτι
592 1453 706 1506 τῶν
755 1457 832 1520 Α,
874 1456 946 1519 Β,
989 1455 1043 1505 Γ
1086 1451 1188 1505 δύο
1232 1448 1524 1507 ὁποιοιοῦν
1573 1452 1935 1518 συντεθέντες

149 1558 203 1598 15
236 1538 374 1612 πρὸς
410 1538 513 1595 τὸν
552 1537 752 1595 λοιπὸν
789 1542 1006 1607 πρῶτοί
1040 1541 1203 1609 εἰσιν,
1245 1541 1305 1593 oc
1331 1538 1433 1610 μὲν
1474 1547 1543 1608 A,
1584 1546 1630 1594 Β
1663 1539 1803 1612 πρὸς
1833 1539 1934 1596 τὸν

234 1631 299 1698 Γ,
332 1630 390 1683 οἱ
419 1627 481 1683 δὲ
513 1633 578 1697 Β,
603 1631 655 1682 Γ
686 1625 826 1699 πρὸς
856 1624 956 1681 τὸν
990 1633 1042 1680 Α
1073 1626 1165 1680 καὶ
1199 1629 1277 1680 ἔτι
1312 1629 1369 1682 οἱ
1397 1634 1467 1697 A,
1492 1632 1545 1682 Γ
1569 1626 1709 1698 πρὸς
1738 1626 1840 1683 τὸν
1872 1634 1934 1683 Β.

346 1715 739 1787 Εἰλήφθωσαν
784 1714 892 1786 γὰρ
934 1714 1210 1786 ἐλάχιστοι
1251 1713 1487 1787 ἀριθμοὶ
1527 1719 1640 1771 τῶν
1688 1714 1787 1771 τὸν
1836 1714 1933 1771 αὐ-

234 1803 335 1861 τὸν
381 1804 556 1876 λόγον
606 1802 850 1876 ἐχόντων
897 1814 1015 1868 τοῖς
1061 1810 1139 1874 A,
1173 1810 1246 1874 Β,
1280 1809 1332 1859 Γ
1381 1803 1486 1859 δύο
1537 1807 1595 1860 οἱ
1638 1811 1776 1875 ΔΕ,
1810 1811 1932 1860 ΕΖ.

235 1891 487 1966 φανερὸν
537 1896 635 1964 δή,
685 1890 769 1948 ὅτι
818 1890 847 1948 ὁ
899 1891 1000 1963 μὲν
1043 1898 1159 1947 ΔΕ
1195 1891 1397 1948 ἑαυτὸν
1443 1893 1933 1959 πολλαπλασιάσας

147 2001 206 2043 20
235 1980 340 2038 τὸν
392 1989 446 2037 A
501 1986 826 2053 πεποίηκεν,
880 1979 983 2036 τὸν
1032 1980 1094 2037 δὲ
1149 1986 1252 2036 ΕΖ
1298 1981 1788 2048 πολλαπλασιάσας
1834 1981 1932 2038 τὸν

234 2077 281 2126 Β
320 2074 644 2142 πεποίηκεν,
690 2070 783 2126 καὶ
832 2073 911 2125 ἔτι
961 2067 990 2125 ὁ
1043 2076 1148 2125 ΕΖ
1196 2069 1399 2126 ἑαυτὸν
1446 2070 1934 2137 πολλαπλασιάσας
1986 2096 1988 2098 ·

233 2157 332 2215 τὸν
365 2163 420 2214 Γ
441 2164 756 2231 πεποίηκεν.
817 2158 910 2213 καὶ
944 2158 1059 2214 ἐπεὶ
1093 2160 1151 2214 οί
1181 2165 1236 2214 A
1246 2165 1311 2230 E,
1337 2166 1441 2215 ΕΖ
1468 2161 1748 2232 ἐλάχιστοί
1768 2163 1931 2231 εἰσιν,
1985 2159 1988 2161 ’

237 2250 447 2319 πρῶτοι
501 2247 641 2318 πρὸς
694 2245 971 2318 ἀλλήλους
1026 2251 1184 2303 εἰσίν.
1263 2245 1363 2304 ἐὰν
1418 2247 1479 2303 δὲ
1535 2246 1640 2304 δύο
1695 2245 1930 2320 ἀριθμοὶ

232 2338 443 2407 πρῶτοι
490 2335 630 2409 πρὸς
669 2334 945 2407 ἀλλήλους
985 2329 1151 2406 αἷσιν,
1202 2336 1295 2391 καὶ
1335 2337 1756 2408 συναμφότερος
1795 2334 1933 2409 πρὸς

144 2443 201 2485 25
233 2424 498 2497 ἑκάτερον
535 2424 754 2497 πρῶτός
793 2426 964 2480 ἐστιν·
1004 2425 1097 2479 καὶ
1138 2422 1167 2479 ὁ
1211 2430 1320 2480 ΔΖ
1359 2423 1469 2495 ἄρα
1501 2425 1640 2497 πρὸς
1671 2423 1931 2496 ἑκάτερον

354 2636 392 2676 1.
427 2629 705 2688 μετρήσουσι
737 2630 847 2686 Vq>3
881 2630 1131 2686 μετροῦσιν
1162 2629 1215 2675 Β.
1353 2626 1479 2674 ἐστιν
1509 2629 1559 2675 P.
1689 2635 1729 2675 2.
1764 2626 1929 2687 μετρή-

234 2705 395 2735 σουσιν
436 2689 539 2746 th.
604 2695 644 2734 3.
680 2685 798 2745 ὅπερ
840 2684 964 2733 ἐστίν
1004 2688 1155 2745 Bqu.
1250 2693 1290 2734 7.
1330 2685 1423 2747 ιε’]
1467 2703 1555 2734 om.
1584 2706 1634 2745 φ.
1727 2694 1767 2735 9.
1808 2689 1929 2747 τῶν]

234 2764 324 2795 om.
358 2766 409 2805 φ.
536 2755 603 2793 10.
639 2744 896 2792 ὁποσοιοῦν
930 2763 960 2803 q
992 2749 1040 2792 et
1073 2762 1212 2804 supra
1243 2747 1418 2805 scripto
1449 2744 1652 2793 ὁποιοῦν
1684 2749 1734 2793 Β.
1860 2753 1915 2792 13

235 2806 439 2865 ἐχόντων
470 2806 611 2864 λόγον
645 2824 694 2862 φ.
820 2812 885 2851 14.
923 2805 1063 2862 λέγω,
1098 2803 1169 2851 ὅτι
1200 2807 1294 2851 τῶν
1327 2812 1384 2861 Α,
1418 2811 1476 2862 Β,
1512 2808 1579 2866 Γ]
1612 2822 1706 2864 mg.
1739 2822 1798 2851 m.
1828 2813 1850 2851 1
1877 2823 1927 2864 φ.

234 2869 329 2912 τῶν
359 2872 417 2925 Α,
451 2870 511 2924 Β,
546 2867 613 2925 Γ]
647 2881 736 2911 om.
769 2865 830 2922 B,
862 2880 922 2911 m.
956 2870 981 2909 2
1016 2867 1070 2909 V.
1223 2863 1332 2924 δύο]
1376 2880 1466 2911 om.
1498 2867 1548 2910 B.
1612 2862 1867 2911 ὁποσοιοῦν
1899 2881 1930 2922 q
