1988 3152
237 83 348 138 372
860 86 1195 129 ΣΤοΙΧΕΙῼΝ
1225 87 1299 130 θ.

234 204 615 269 λαπλασιάσας
652 203 754 258 τὸν
794 208 841 257 Β
881 207 1202 274 πεποίηκεν·
1243 201 1273 259 6
1313 203 1422 276 ἄρα
1459 202 1569 260 ὑπὸ
1610 210 1674 274 Θ,
1707 211 1772 260 Η
1804 212 1925 272 ἴσος
1979 200 1981 204 ’

235 293 350 348 ἐστὶ
388 295 464 367 τῷ
506 290 612 347 ἀπὸ
659 295 763 346 τοῦ
809 299 862 346 A
907 291 1249 367 τετραγώνῳ.
1321 296 1472 348 ἔστιν
1518 292 1628 363 ἄρα
1675 290 1751 359 ὡς
1798 291 1827 349 6
1878 300 1925 349 Θ

233 379 374 450 πρὸς
410 380 510 436 τὸν
550 388 628 450 Α,
677 377 706 435 6
748 387 802 434 A
841 379 981 451 πρὸς
1018 379 1119 436 τὸν
1161 386 1228 438 Η.
1306 393 1495 453 μετρεῖ
1538 380 1600 437 δὲ
1647 379 1677 436 6
1726 390 1778 436 A
1824 380 1925 438 τὸν

232 475 311 524 Η·
351 479 540 539 μετρεῖ
575 467 685 537 ἄρα
723 468 815 522 καὶ
857 466 886 523 6
928 474 975 523 Θ
1011 467 1112 524 τὸν
1151 476 1206 524 A
1255 472 1480 541 πρῶτον
1529 468 1668 524 ὄντα
1722 468 1795 541 μὴ
1844 467 1925 525 ω”ν

173 574 199 613 5
233 555 384 630 αὐτῷ
442 556 470 611 6
529 554 722 621 αὐτός6
780 556 914 626 ὅπερ
964 555 1190 612 ἄτοπον.
1270 555 1372 612 οὐκ
1427 579 1537 627 αρα
1585 554 1614 613 6
1670 559 1926 629 μέγιστος
1979 574 1988 578 “

233 643 263 700 6
313 651 368 699 A
414 643 523 700 ὑπὸ
572 645 765 716 ἑτέρου
819 642 1070 717 ἀριθμοῦ
1126 644 1535 716 μετρηθήσεται
1590 646 1759 717 παρὲξ
1812 651 1925 702 τῶν
1983 672 1988 687 2

231 742 310 803 Α,
343 739 416 803 Β,
450 738 516 788 Γ·
558 733 694 805 ὅπερ
735 736 850 788 ἔδει
892 735 1082 799 δεῖξαι.
1983 732 1988 735 ’

1029 894 1125 951 ιδ’.

339 996 486 1054 Ἐὰν
527 998 870 1071 ἐλάχιστος
907 997 1199 1069 ἀριθμὸς
1251 996 1376 1055 ὑπὸ
1417 1001 1688 1070 πρώτων
1735 996 1925 1070 ἄριθ·
1965 989 1988 1014 ”

144 1107 200 1147 10
233 1091 371 1160 μῶν
397 1091 737 1159 μετρῆται,
762 1085 862 1143 ὑπ’
896 1086 1178 1153 οὐδενὸς
1210 1089 1416 1143 ἄλλου
1440 1086 1700 1158 πρώτου
1733 1085 1927 1159 ἀριθ-

231 1181 356 1250 μοῦ
426 1176 915 1249 μετρηθήσεται
978 1177 1177 1245 παρεξ
1246 1179 1374 1231 τῶν
1438 1178 1500 1242 ἐξ
1563 1174 1763 1248 ἀρχῆς
1825 1198 1928 1247 με·
1982 1229 1988 1255 ι,

229 1269 590 1338 τρούντων.

339 1353 657 1426 Ἐλαχιστος
702 1354 811 1425 γὰρ
864 1350 1110 1425 ἀριθμὸς
1155 1351 1184 1409 6
1238 1361 1292 1408 A
1336 1350 1445 1408 υπὸ
1488 1352 1723 1424 πρώτων
1763 1352 1925 1426 ἀριθ-

231 1447 352 1516 μῶν
391 1447 507 1500 τῶν
546 1450 612 1513 Β,
646 1448 709 1512 Γ,
743 1450 798 1498 A
837 1446 1174 1513 μετρείσθω·
1216 1444 1376 1513 λέγω,
1418 1439 1503 1497 ὅτι
1544 1439 1573 1497 6
1615 1450 1668 1497 A
1700 1440 1794 1498 ὑπ’
1834 1441 1927 1498 οὐ·
1982 1487 1985 1491 .

146 1550 199 1590 15
232 1531 396 1598 δενὸς
450 1533 628 1588 ἄλλου
688 1529 913 1602 πρώτου
974 1529 1227 1602 ἀριθμοῦ
1291 1532 1697 1603 μετρηθήσεται
1758 1530 1927 1602 παρὲξ

230 1625 345 1678 τῶν
384 1627 458 1691 Β,
493 1625 563 1691 Γ,
596 1628 667 1677 A.
1986 1687 1988 1691 Α

343 1714 418 1766 Εἰ
466 1709 575 1783 γὰρ
625 1707 899 1778 δυνατόν,
947 1713 1259 1781 μετρείσθω
1300 1706 1408 1764 ὑπὸ
1454 1709 1680 1781 πρώτου
1717 1711 1820 1764 τοῦ
1860 1715 1927 1778 Ε,
1978 1735 1988 1786 ³ss

231 1800 324 1855 καὶ
381 1796 412 1855 6
468 1806 521 1855 Ε
571 1797 770 1870 μηδενὶ
823 1800 936 1852 τῶν
986 1803 1060 1866 Β,
1096 1802 1165 1867 Γ,
1200 1805 1255 1853 A
1302 1802 1439 1854 ἔστω
1490 1795 1519 1853 6
1570 1795 1751 1862 αὐτός.
1835 1798 1926 1853 καὶ

233 1888 350 1944 ἐπεὶ
391 1885 422 1944 6
465 1894 516 1943 E
550 1886 651 1943 τὸν
692 1894 745 1942 Α
784 1897 995 1958 μετρεῖ,
1036 1891 1297 1957 μετρείτω
1339 1883 1514 1941 αὐτὸν
1553 1884 1690 1940 κατὰ
1723 1885 1825 1942 τὸν
1859 1893 1925 1942 Ζ·
1976 1923 1988 1962 5

144 1995 202 2035 2ο
235 1975 264 2033 6
324 1983 376 2032 Ε
427 1975 539 2048 ἄρα
591 1974 695 2031 τὸν
742 1981 787 2030 Ζ
837 1973 1327 2040 πολλαπλασιάσας
1370 1974 1472 2030 τὸν
1519 1983 1572 2030 A
1616 1980 1930 2047 πεποίηκεν.
1971 1964 1988 1999 Ἰ

232 2066 328 2121 καὶ
378 2076 656 2136 μετρεῖται
704 2061 734 2119 6
783 2072 836 2119 A
887 2060 996 2118 ὑπὸ
1039 2066 1276 2134 πρώτων
1317 2061 1578 2135 ἀριθμῶν
1615 2067 1729 2119 τῶν
1767 2070 1834 2133 Β,
1866 2069 1930 2135 Γ,

235 2161 304 2212 Δ.
388 2152 488 2208 ἐὰν
552 2152 613 2209 δὲ
677 2152 782 2207 δύο
839 2149 1074 2224 ἀριθμοὶ
1129 2152 1713 2217 πολλαπλασιάσαντες
1766 2150 1928 2225 ἆλλή-

233 2248 367 2308 λους
406 2244 615 2297 ποιωσί
647 2263 793 2311 τινα,
832 2239 932 2296 τὸν
975 2239 1036 2296 δὲ
1075 2239 1386 2312 γενόμενον
1427 2242 1482 2307 ἐξ
1522 2238 1710 2296 αὐτων
1758 2244 1926 2314 μετρῇ
1968 2259 1981 2296 τἸ

232 2351 315 2396 τις
353 2350 567 2400 πρωτος
607 2327 876 2401 ἀριθμός,
916 2329 1009 2384 καὶ
1049 2330 1149 2384 ἕνα
1187 2332 1300 2384 τῶν
1340 2330 1395 2395 ἐξ
1434 2327 1608 2400 ἀρχῆς
1648 2330 1925 2401 μετρήσει·
1967 2401 1969 2410 ¹

144 2429 202 2470 25
235 2420 293 2474 οἰ
344 2424 415 2487 Β,
450 2422 518 2487 Γ,
554 2424 607 2472 A
663 2440 774 2491 αρα
829 2419 928 2474 ε’να
981 2440 1095 2474 των
1150 2424 1223 2487 Ε,
1258 2424 1302 2473 Ζ
1356 2417 1744 2490 μετρήσουσιν.
1826 2416 1926 2474 τὸν
1972 2415 1978 2434 ³

355 2586 394 2624 1.
427 2577 564 2649 ὑπό]
577 2576 628 2624 ἐκ
655 2580 747 2623 τῶν
773 2580 936 2626 Theon
961 2581 1148 2638 (Bqu).
1233 2585 1273 2626 3.
1289 2576 1360 2650 6]
1386 2579 1549 2638 (prius)
1575 2595 1714 2638 supra
1736 2595 1796 2625 m.
1826 2587 1847 2625 1
1875 2580 1923 2625 P.
1968 2573 1974 2577 χ

234 2645 275 2685 4.
308 2637 391 2683 τὸν
423 2639 487 2710 A]
521 2636 603 2682 τὸν
636 2638 720 2683 τὸν
751 2645 788 2683 Α
814 2656 866 2695 φ,
899 2641 981 2684 sed
1005 2653 1119 2684 corr.
1214 2644 1253 2684 7.
1287 2635 1403 2695 ὅπερ
1431 2638 1529 2683 ἔδει
1554 2640 1729 2698 δεῖξαι]
1757 2655 1846 2686 om.
1873 2641 1922 2685 B.

237 2704 304 2743 10.
338 2695 553 2765 πρώτου]
589 2710 677 2743 om.
712 2698 762 2742 B.
889 2704 959 2743 14.
994 2703 1028 2742 Β
1092 2699 1201 2755 post
1230 2713 1320 2743 ras.
1364 2704 1387 2742 1
1428 2699 1520 2744 lisst.
1555 2699 1609 2743 V.
1735 2706 1802 2744 15.
1836 2715 1924 2743 πα-

233 2757 344 2816 ρέξ]
377 2757 428 2800 in
458 2757 547 2800 hoc
577 2758 810 2802 uocabulo
842 2757 1014 2814 incipit
1084 2758 1191 2802 aris.
1254 2762 1372 2802 2344
1414 2758 1494 2803 fol.
1532 2762 1614 2802 166
1648 2759 1729 2815 (q).
1854 2763 1922 2804 19.

232 2817 314 2861 καὶ
346 2833 467 2860 κατα
499 2815 617 2872 ch,
650 2818 736 2860 καί
764 2816 854 2860 del.
888 2817 943 2860 V.
1058 2821 1137 2889 t*20
1170 2833 1262 2871 αρα
1294 2814 1377 2860 τὸν
1418 2819 1479 2873 Ζ]
1519 2818 1679 2861 insert.
1721 2833 1779 2861 m.
1816 2823 1837 2860 1
1872 2818 1922 2862 B.

232 2879 461 2931 πεποίηκε
500 2852 1002 2933 quq.21.1‘m6]
1047 2873 1139 2919 ὑπὸ
1182 2876 1274 2919 τῶν
1311 2876 1360 2920 Ρ.
1485 2881 1555 2922 22.
1605 2874 1922 2920 πολυπλασιά-
