1988 3152
110 1081 164 1122 10

111 1525 165 1565 15

110 1968 167 2008 20

197 150 306 204 296
825 151 1161 194 mommsen
1191 147 1257 206 η’.
1285 165 1293 173 ·

198 268 294 340 δή,
343 268 429 325 ὅτι
479 267 508 325 6
558 269 663 340 μὲν
705 275 750 324 Ζ
789 269 989 325 ἑαυτὸν
1028 270 1514 334 πολλαπλασιάσας
1558 267 1660 324 τὸν
1701 275 1749 324 Θ
1792 289 1880 324 πε-

195 362 454 428 ποίηκεν,
493 356 595 412 τὸν
634 357 697 413 δὲ
734 364 782 413 Θ
819 356 1306 423 πολλαπλασιάσας
1343 356 1443 413 τὸν
1474 363 1548 413 Μ
1569 362 1882 427 πεποίηκεν,

195 437 288 502 καὶ
325 444 354 502 6
386 452 453 502 Η
475 445 678 502 ἑαυτὸν
709 446 811 518 μὲν
842 445 1332 512 πολλαπλασιάσας
1360 444 1460 503 τὸν
1493 453 1544 501 Λ
1567 451 1880 515 πεποίηκεν,

196 535 297 590 τὸν
330 534 391 590 δὲ
430 541 482 590 Λ
519 535 1007 600 πολλαπλασιάσας
1044 534 1145 590 τὸν
1179 541 1226 590 Ο
1257 539 1568 606 πεποίηκεν.
1643 535 1733 589 καὶ
1766 532 1884 588 ἐπεὶ

198 626 256 679 οἱ
291 628 382 694 Μ,
413 629 496 694 Ν,
529 625 600 692 Ξ,
636 629 683 677 0
730 622 1012 694 ἐλάχιστοί
1053 626 1160 678 εἰσι
1206 626 1320 678 τῶν
1358 622 1460 678 τὸν
1499 620 1673 677 αὐτὸν
1711 620 1885 691 λόγον

197 709 442 783 ἐχόντων
491 723 607 778 τοῖς
647 718 717 782 Ζ,
749 717 832 781 Η,
873 711 981 767 εἰσὶ
1023 711 1084 767 δὲ
1122 712 1215 766 καὶ
1255 714 1313 767 οἰ
1347 718 1426 781 Α,
1460 716 1530 779 Γ,
1563 717 1641 781 Λ,
1674 716 1720 765 Β
1761 709 1886 765 ἐλά-

195 816 375 872 χιστοι
412 804 527 856 τῶν
565 799 666 856 τὸν
706 799 881 856 αὐτὸν
922 799 1093 870 λόγον
1133 799 1378 872 ἐχόντων
1416 811 1533 865 τοῖς
1573 806 1642 870 Ζ,
1679 805 1753 868 Η,
1792 803 1891 853 καί

197 891 348 944 ἐστιν
405 895 530 944 ἴσον
584 888 647 944 τὸ
701 891 919 959 πλῆθος
964 892 1077 943 τῶν
1124 895 1214 959 Μ,
1247 895 1328 959 Ν,
1360 892 1429 959 Ξ,
1465 895 1512 943 Ο
1558 891 1633 963 τῷ
1680 886 1886 958 πλήθει

195 980 308 1033 τῶν
340 985 410 1048 Α,
442 982 507 1046 Γ,
541 985 613 1047 Δ,
647 984 712 1047 Β,
746 979 973 1043 ἕκαστος
1005 977 1114 1048 ἄρα
1145 981 1260 1033 τῶν
1292 984 1374 1048 Μ,
1407 983 1482 1046 Ν,
1513 980 1575 1047 Ξ,
1604 982 1651 1030 Ο
1675 975 1884 1047 ἑκάστῳ

196 1070 310 1122 τῶν
350 1073 421 1136 Α,
454 1071 517 1136 Γ,
551 1073 622 1136 Λ,
655 1072 703 1121 Β
744 1073 863 1132 ἴσος
903 1068 1075 1123 ἐστίν·
1117 1073 1237 1131 ἴσος
1276 1065 1384 1137 ἄρα
1424 1066 1575 1122 ἐστὶν
1616 1064 1646 1120 6
1687 1065 1788 1136 μὲν
1821 1070 1895 1119 Μ

196 1157 272 1231 τῷ
320 1162 398 1223 Λ,
446 1153 475 1210 6
526 1155 588 1211 δὲ
638 1160 685 1210 Ο
730 1159 805 1231 τῷ
846 1161 908 1211 Β.
984 1156 1076 1211 καὶ
1125 1155 1241 1211 ἐπεὶ
1288 1153 1318 1210 6
1360 1161 1405 1209 Ζ
1445 1152 1646 1210 ἑαυτὸν
1685 1159 1887 1209 πολλα-

195 1243 505 1310 πλασιάσας
549 1243 651 1300 τὸν
699 1250 746 1299 Θ
784 1249 1108 1316 πεποίηκεν,
1157 1242 1187 1300 6
1230 1250 1275 1298 Ζ
1313 1243 1423 1313 ἄρα
1461 1242 1561 1299 τὸν
1609 1248 1657 1298 Θ
1703 1253 1892 1313 μετρεῖ

197 1331 334 1389 κατὰ
375 1334 471 1400 τὰς
504 1335 564 1389 ἐν
595 1337 672 1410 τῷ
707 1340 752 1389 Ζ
791 1333 1057 1406 μονάδας.
1127 1344 1317 1406 μετρεῖ
1345 1332 1407 1388 δὲ
1438 1332 1530 1387 καὶ
1563 1329 1596 1403 ἡ
1631 1337 1684 1386 Ε
1711 1330 1889 1402 μονὰς

196 1423 299 1478 τὸν
347 1429 392 1477 Ζ
438 1421 576 1477 κατὰ
625 1421 723 1488 τὰς
770 1425 831 1478 ἐν
871 1419 1024 1498 αὐτῷ
1065 1420 1340 1492 μονάδας·
1396 1419 1580 1486 ἰσάκις
1618 1418 1729 1492 ἄρα
1767 1418 1801 1491 ἡ
1839 1425 1894 1474 Ε

198 1509 375 1583 μονὰς
419 1508 520 1566 τὸν
568 1516 613 1565 Ζ
659 1508 909 1582 ἀριθμὸν
949 1521 1139 1581 μετρεῖ
1171 1509 1264 1564 καὶ
1306 1507 1336 1564 6
1378 1515 1422 1564 Ζ
1461 1508 1561 1564 τὸν
1600 1515 1662 1564 Θ.
1737 1513 1888 1564 ἔστιν

197 1598 307 1671 ἄρα
347 1597 422 1664 ὥς
460 1596 494 1669 ἡ
533 1604 587 1654 Ε
622 1598 801 1670 μονὰς
838 1597 976 1670 πρὸς
1014 1599 1113 1654 τὸν
1154 1604 1198 1652 Ζ
1239 1596 1514 1669 ἀριθμόν,
1556 1597 1733 1663 οὕτως
1772 1596 1801 1653 6
1846 1604 1890 1652 Ζ

198 1687 336 1759 πρὸς
385 1686 485 1743 τὸν
533 1693 595 1743 Θ.
671 1687 869 1757 πάλιν,
921 1686 1037 1742 ἐπεὶ
1086 1684 1115 1742 6
1165 1692 1210 1741 Ζ
1256 1684 1356 1742 τὸν
1397 1692 1444 1741 Θ
1481 1686 1893 1742 πολλαπλασιά-

199 1795 300 1843 σας
344 1776 445 1833 τὸν
485 1783 559 1833 Μ
589 1782 914 1848 πεποίηκεν,
963 1774 993 1832 6
1034 1782 1083 1831 Θ
1129 1774 1239 1847 ἄρα
1278 1773 1380 1831 τὸν
1419 1781 1493 1830 Μ
1531 1786 1729 1862 μετρεῖ
1753 1774 1890 1830 κατὰ

198 1865 297 1931 τὰς
351 1868 413 1922 ἐν
465 1870 539 1941 τῷ
596 1872 641 1921 Ζ
696 1864 959 1937 μονάδας.
1038 1874 1226 1936 μετρεῖ
1278 1863 1340 1920 δὲ
1392 1864 1486 1919 καὶ
1534 1862 1568 1935 ἡ
1617 1869 1671 1919 Ε
1713 1863 1893 1935 μονὰς

198 1954 299 2011 τὸν
349 1961 394 2010 Ζ
440 1952 692 2026 ἀριθμὸν
747 1951 884 2008 κατὰ
932 1949 1030 2018 τὰς
1077 1954 1137 2008 ἐν
1186 1950 1335 2027 αὐτῷ
1384 1952 1655 2024 μονάδας·
1712 1951 1894 2018 ἰσάκις

200 2042 310 2115 ἄρα
361 2041 394 2115 ἡ
434 2049 487 2098 Ε
531 2041 706 2115 μονὰς
744 2041 844 2097 τὸν
884 2047 930 2096 Ζ
970 2039 1219 2112 ἀριθμὸν
1269 2053 1459 2114 μετρεῖ
1500 2041 1594 2096 καὶ
1634 2040 1664 2097 6
1706 2046 1754 2095 Θ
1791 2040 1892 2096 τὸν

201 2138 278 2188 M.
350 2136 500 2187 ἔστιν
548 2130 658 2202 ἄρα
707 2127 781 2196 ὡς
827 2127 860 2200 ἡ
910 2135 963 2184 Ε
1006 2128 1182 2201 μονὰς
1220 2127 1360 2198 πρὸς
1396 2131 1498 2185 τὸν
1539 2135 1584 2184 Ζ
1624 2126 1893 2201 ἀριθμόν,

202 2219 378 2287 οὕτως
424 2218 454 2276 6
503 2225 551 2274 Θ
595 2217 735 2292 πρὸς
787 2218 889 2275 τὸν
945 2223 1028 2274 Μ.
1105 2219 1330 2289 ἐδείχθη
1388 2217 1450 2273 δὲ
1503 2218 1596 2272 καὶ
1644 2214 1717 2282 ὡς
1764 2215 1797 2288 ἡ
1844 2223 1900 2272 Ε

202 2307 377 2380 μονὰς
415 2307 555 2380 πρὸς
592 2309 692 2364 τὸν
734 2314 779 2363 Ζ
818 2306 1094 2379 ἀριθμόν,
1136 2304 1313 2371 οὕτως
1352 2303 1382 2362 6
1425 2312 1469 2361 Z
1508 2304 1648 2378 πρὸς
1684 2304 1785 2361 τὸν
1825 2311 1892 2361 Θ·

323 2507 362 2545 1.
395 2502 623 2556 πεποίηκε
658 2500 760 2557 Vq).
883 2506 922 2544 2.
967 2500 1195 2555 πεποίηκε
1229 2498 1331 2554 Vq).
1455 2504 1495 2543 3.
1528 2499 1755 2554 πεποίηκε
1790 2499 1892 2554 Vzp.

202 2566 244 2607 4.
277 2562 506 2616 πεποίηκε
540 2560 642 2616 ch.
767 2565 807 2605 5.
842 2558 960 2604 εἰσιν
994 2559 1043 2604 Ρ.
1168 2564 1207 2602 6.
1242 2561 1298 2613 Ζ,
1331 2557 1405 2615 Η]
1450 2561 1516 2610 Η,
1549 2561 1583 2601 Ζ
1615 2556 1762 2612 Bvaep.
1829 2556 1893 2602 εἰ-

204 2621 276 2664 σίν
308 2620 358 2664 Β.
483 2624 522 2663 7.
555 2617 660 2677 τόν]
693 2632 808 2663 corr.
844 2632 900 2663 ex
932 2620 1025 2662 τῶν
1055 2633 1117 2662 m.
1153 2623 1175 2661 1
1210 2617 1260 2662 P.
1386 2619 1442 2670 Z,
1476 2593 1551 2674 Η]
1590 2619 1646 2670 Η,
1674 2615 1893 2671 ΖΒἾφς

204 2681 266 2734 Ε,
300 2681 334 2722 Ζ
365 2678 417 2722 Ρ.
571 2683 641 2723 10.
677 2679 800 2735 ἴσος]
834 2678 998 2749 (prius)
1032 2690 1148 2722 corr.
1182 2690 1237 2720 ex
1268 2677 1371 2720 ἴσον
1402 2690 1462 2720 m.
1494 2689 1584 2720 rec.
1618 2675 1665 2719 Ρ.
1821 2681 1890 2719 12.

204 2737 267 2809 Z]
302 2751 416 2782 eras,
449 2736 505 2781 V.
602 2742 670 2781 13
702 2738 765 2793 τῷ
800 2737 861 2796 Ζ]
897 2733 1024 2793 αυτῷ
1060 2736 1170 2791 ch,
1203 2735 1265 2795 τῷ
1300 2738 1335 2778 Ζ
1367 2748 1592 2806 supram.
1619 2740 1644 2778 2
1671 2735 1725 2780 V.
1821 2739 1892 2779 18.

203 2793 326 2855 ἄρα]
362 2795 430 2841 ἔτι
463 2812 514 2852 φ.
608 2801 678 2841 21.
715 2782 781 2853 Θ]
815 2809 840 2839 e
873 2810 988 2841 corr.
1016 2795 1077 2850 V,
1111 2798 1152 2840 E
1177 2794 1228 2839 P.
1320 2798 1390 2838 22.
1424 2790 1513 2851 ὡς]
1540 2808 1680 2851 supra
1704 2809 1763 2839 m.
1792 2798 1815 2837 1
1841 2794 1894 2839 B.

204 2860 274 2900 24.
307 2855 449 2913 πρός]
484 2854 645 2912 (prius)
678 2869 819 2911 supra
850 2871 910 2899 m
945 2861 970 2899 2
1003 2854 1053 2900 B.
