1988 3152
191 1184 246 1224 10

193 1633 248 1674 15

193 2076 251 2117 20

196 2516 252 2558 25

277 191 386 244 308
910 194 1248 237 ΣΤΟΙΧΕΙῼΝ
1277 189 1345 248 η’.

388 310 550 381 Λέγω
599 309 696 380 δή,
744 311 830 366 ὅτι
875 311 968 366 καὶ
1016 309 1045 366 ὁ
1084 318 1138 366 A
1177 311 1318 383 πρὸς
1360 310 1462 367 τὸν
1508 317 1556 366 Β
1601 317 1967 382 τριπλασίονα

276 398 450 470 λόγον
498 403 609 471 ἔχει
655 397 795 470 ἤπερ
843 397 872 455 ὃ
915 404 970 455 Γ
1008 398 1146 472 πρὸς
1190 401 1290 456 τὸν
1331 407 1399 456 Δ.
1477 400 1591 456 ἐπεὶ
1630 399 1736 471 γὰρ
1777 401 1967 456 τέσσα-

278 510 370 560 ρες
408 486 647 559 ἀριθμοὶ
687 487 973 559 ἀνάλογόν
1013 492 1156 544 εἰσιν
1196 492 1254 545 οἱ
1290 497 1366 559 A,
1399 495 1464 560 Θ,
1497 495 1570 559 Κ,
1602 496 1666 557 Β,
1706 488 1735 545 ὁ
1774 497 1829 544 Α
1859 488 1968 560 ἄρα

277 579 416 648 πρὸς
461 575 561 632 τὸν
607 583 655 632 Β
699 582 1066 650 τριπλασίονα
1113 577 1286 648 λόγον
1333 583 1441 651 ἔχει
1487 578 1627 651 ἤπερ
1668 576 1697 633 ὁ
1739 586 1792 633 A
1831 578 1970 649 πρὸς

278 663 378 720 τὸν
425 671 486 720 Θ.
564 664 639 731 ὥς
686 666 748 722 δὲ
795 666 824 722 ὁ
872 673 927 721 A
972 665 1110 739 πρὸς
1158 666 1258 723 τὸν
1306 674 1377 737 Θ,
1434 667 1613 732 οὕτως
1659 664 1688 723 ὁ
1740 671 1793 721 Γ
1831 665 1970 738 πρὸς

276 751 378 809 τὸν
417 760 495 809 A·
534 754 627 808 καὶ
668 752 697 809 ὁ
735 762 788 809 A
823 754 978 827 [ἄρα]
1011 754 1151 827 πρὸς
1182 754 1282 810 τὸν
1315 760 1361 809 Β
1393 759 1758 825 τριπλασίονα
1797 749 1969 825 λόγον

278 846 383 914 ἔχει
426 840 567 914 ἤπερ
601 840 631 898 ὁ
672 847 727 898 Γ
755 842 896 916 πρὸς
932 842 1032 899 τὸν
1073 851 1148 898 A·
1190 844 1325 915 ὅπερ
1366 846 1478 898 ἔδει
1518 845 1707 910 δεῖξαι.

1079 999 1134 1047 ιγ
1160 1020 1172 1031 .

386 1066 532 1135 Ἐὰν
572 1071 734 1134 ὦσιν
775 1076 1269 1150 ὁσοιδηποτοῦν
1309 1077 1587 1152 ἀριθμοὶ
1630 1079 1774 1151 ἑξῆς
1812 1077 1970 1134 ἀνά-

278 1175 507 1239 λογον,
569 1168 675 1223 καὶ
746 1167 1330 1233 πολλαπλασιάσας
1400 1170 1670 1234 ἕκαστος
1733 1166 1970 1224 ἑαυτὸν

276 1260 428 1330 ποιῇ
479 1278 653 1326 τινα,
717 1260 782 1312 οἱ
831 1256 1185 1329 γενόμενοι
1241 1258 1303 1323 ἐξ
1354 1254 1570 1313 αὐτῶν
1632 1254 1966 1327 ἀνάλογον

278 1349 566 1401 ἔσονται·
613 1345 722 1400 καὶ
763 1343 877 1400 ἐὰν
918 1348 983 1400 οἱ
1020 1347 1081 1412 ἐξ
1122 1343 1324 1418 ἀρχῆς
1370 1343 1522 1411 τοὺς
1567 1346 1971 1416 γενομένους

276 1432 982 1499 πολλαπλασιάσαντες
1042 1437 1291 1489 ποιῶσί
1346 1455 1556 1503 τινας,
1620 1433 1726 1487 καὶ
1783 1430 1969 1488 αὐτοὶ

278 1521 614 1593 άνάλογον
670 1526 936 1578 ἔσονται
988 1522 1118 1591 [καὶ
1170 1520 1271 1577 ἀεὶ
1326 1522 1476 1595 περὶ
1527 1521 1680 1587 τοὺς
1729 1520 1973 1592 ἄκρους

279 1614 475 1666 τοῦτο
524 1615 920 1682 συμβαίνει].

378 1698 672 1755 ’Έστωσαν
724 1697 1031 1755 ὁποσοιοῦν
1087 1698 1325 1771 ἀριθμοὶ
1379 1701 1502 1769 ἑξῆς
1552 1698 1861 1770 ἀνάλογον,
1919 1701 1976 1754 οὗ

280 1795 359 1858 Α,
392 1793 466 1858 Β,
499 1793 570 1859 Γ,
611 1787 684 1853 ὡς
725 1785 753 1843 ὁ
795 1795 849 1842 A
886 1787 1026 1861 πρὸς
1064 1787 1164 1844 τὸν
1204 1794 1277 1858 Β,
1325 1788 1503 1853 οὕτως
1544 1785 1573 1843 ὁ
1613 1793 1660 1842 Β
1700 1786 1838 1859 πρὸς
1875 1785 1974 1843 τὸν

282 1881 351 1947 Γ,
408 1875 501 1931 καὶ
554 1877 612 1931 οἱ
646 1882 725 1946 A,
759 1882 832 1946 Β,
867 1881 921 1931 Γ
958 1873 1192 1941 ἑαυτοὺς
1238 1875 1339 1946 μὲν
1394 1876 1974 1941 πολλαπλασιάσαντες

280 1963 413 2030 τοὺς
460 1971 539 2035 A,
573 1970 647 2034 Ε,
682 1970 726 2018 Ζ
774 1969 1134 2035 ποιείτωσαν,
1181 1963 1312 2030 τοὺς
1360 1963 1420 2020 δὲ
1463 1971 1541 2034 Δ,
1574 1970 1646 2034 Ε,
1682 1971 1726 2019 Ζ
1772 1971 1974 2019 πολλα-

284 2053 688 2117 πλασιάσαντες
725 2051 860 2118 τοὺς
897 2057 972 2122 Η,
1005 2059 1069 2123 Θ,
1104 2058 1160 2108 Κ
1195 2057 1550 2108 ποιείτωσαν·
1590 2053 1752 2123 λέγω,
1794 2052 1878 2108 ὅτι
1919 2054 1978 2107 οἵ

281 2163 339 2197 τε
381 2149 452 2211 A,
487 2147 553 2211 Ε,
587 2147 632 2195 Ζ
670 2141 763 2196 καὶ
806 2145 863 2196 οἱ
898 2147 973 2211 Η,
1005 2147 1070 2211 Θ,
1105 2147 1163 2196 Κ
1200 2141 1324 2212 ἑξῆς
1365 2139 1649 2211 ἀνάλογόν
1690 2144 1846 2196 εἰσιν.

383 2230 445 2284 Ὁ
483 2228 586 2301 μὲν
623 2228 731 2301 γὰρ
772 2238 825 2285 Α
864 2229 964 2285 τὸν
995 2236 1043 2285 Β
1074 2229 1562 2295 πολλαπλασιάσας
1591 2228 1690 2286 τὸν
1724 2236 1774 2285 Λ
1806 2234 1975 2285 ποιεί-

282 2340 386 2387 τω,
441 2317 699 2390 ἑκάτερος
747 2318 809 2373 δὲ
862 2321 975 2373 τῶν
1028 2325 1102 2388 A,
1136 2324 1183 2373 Β
1237 2317 1336 2374 τὸν
1384 2323 1435 2372 Λ
1488 2317 1978 2384 πολλαπλασιάσας

284 2405 551 2479 ἑκάτερον
589 2410 703 2462 τῶν
743 2413 833 2477 Μ,
866 2413 932 2462 Ν
963 2412 1202 2463 ποιείτω.
1263 2407 1353 2461 καὶ
1395 2406 1565 2463 πάλιν
1599 2407 1627 2463 ὁ
1665 2406 1767 2478 μὲν
1798 2412 1844 2461 Β
1877 2404 1975 2463 τὸν

287 2499 341 2550 Γ
363 2495 850 2561 πολλαπλασιάσας
881 2496 983 2551 τὸν
1015 2498 1065 2558 Ξ
1099 2500 1341 2565 ποιείτω,
1381 2496 1636 2567 ἑκάτερος
1668 2495 1730 2550 δὲ
1760 2498 1872 2550 τῶν
1908 2499 1975 2565 Β,

286 2587 340 2638 Γ
369 2581 471 2638 τὸν
509 2585 559 2646 Ξ
586 2583 1074 2650 πολλαπλασιάσας
1106 2583 1367 2656 ἑκάτερον
1397 2587 1512 2639 τῶν
1552 2589 1615 2653 Ο,
1648 2590 1711 2638 Π
1736 2588 1976 2640 ποιείτω.

408 2737 446 2776 1.
480 2732 806 2802 τριπλασίονα]
838 2749 890 2788 τρ
946 2744 971 2774 e
1004 2745 1118 2776 corr.
1153 2732 1209 2776 V.
1362 2736 1401 2775 5.
1437 2728 1499 2781 ὡς
1531 2728 1582 2774 δὲ
1618 2726 1642 2775 ὁ
1675 2734 1711 2774 Α
1744 2728 1861 2787 πρὸς
1892 2726 1988 2805 τὸν,

289 2791 356 2849 Θ]
390 2805 483 2847 mg.
518 2807 567 2845 φ.
677 2795 716 2834 6.
751 2749 912 2848 ἅρα]ρ
900 2805 987 2835 om.
1022 2790 1072 2846 P,
1102 2805 1163 2835 m.
1198 2796 1223 2834 2
1257 2790 1309 2833 B.
1419 2795 1487 2834 11.
1520 2795 1654 2834 ποιεῖ
1681 2790 1784 2844 ch.
1846 2804 1976 2840 τινας

285 2850 390 2906 Vq).
487 2854 555 2894 12.
591 2849 869 2919 γινομένους
900 2850 954 2894 V.
1052 2856 1119 2895 13.
1152 2851 1349 2894 ποιῶσιν
1388 2849 1438 2892 Β.
1532 2854 1603 2893 22.
1635 2845 1719 2893 τὸν
1750 2853 1791 2893 Δ
1816 2874 1870 2881 -
1896 2851 1973 2892 28:

286 2905 697 3013 πολλίασὲλασιάσας
730 2905 794 2964 ε-]
827 2923 920 2965 mg.
955 2926 1005 2964 φ.
1128 2914 1198 2953 26.
1231 2909 1343 2966 τῶν]
1383 2906 1467 2952 τόν
1506 2908 1557 2952 Ρ.
1682 2907 1750 2966 Ο]
1791 2907 1842 2951 in
1885 2920 1971 2951 ras.

287 2983 333 3011 m
