1988 3152
542 72 1005 115 ELEfflNTORUM
1035 71 1219 114 LIBER
1248 71 1372 114 Vm.
1683 69 1796 122 281

97 196 258 264 titur,
307 192 472 246 toties
520 190 683 243 etiam
731 195 786 243 A
829 209 1115 244 numerum
1161 194 1209 243 Θ
1255 190 1540 255 meiziatur‚
1589 189 1800 259 quoties

99 287 278 338 autem
315 283 369 335 Γ
399 297 683 333 numerum
721 282 789 331 H
819 279 1067 349 metitur,
1105 280 1268 333 {seties
1309 280 1473 332 e'niam
1521 283 1575 331 A
1613 297 1799 332 nume-

97 391 217 426 rum
256 373 315 422 K
348 368 620 422 metiatur.
682 371 736 421 E
769 368 939 438 igitur
951 366 992 440 1)
1031 387 1316 421 numerum
1348 371 1407 420 K
1443 370 1537 420 auh
1575 367 1800 421 metitur

361 519 571 560 Αι--ι
929 518 983 559 Βι
1211 528 1217 558 ι

363 592 438 649 1⁷(
643 618 648 647 ι
931 610 988 648 Δι
1288 617 1295 647 ι

362 697 419 738 Ει
689 708 694 736 z
931 698 981 738 Z1
1386 705 1391 735 ι

407 786 678 828 1-——1N
971 843 979 873 ¹
1147 786 1197 827 H
1387 842 1394 872 t

404 872 410 900 ι
503 904 547 950 Ξ
636 872 642 902 ι
973 963 978 991 ι
1301 903 1374 990 ΘΙ

405 991 411 1020 1
541 1025 601 1065 M
725 991 730 1019 Ι
973 1036 1044 1065 1—-
1474 1023 1535 1064 ιΚ

407 1126 413 1154 ³
821 1113 879 1156 10
978 1123 1126 1128 “—
1578 1108 1583 1138 ¹

97 1275 190 1325 aut
227 1290 338 1324 non
377 1271 617 1324 messitur.
679 1271 830 1340 prius
862 1270 1135 1323 metiatur.
1172 1325 1175 1328 ,
1202 1273 1255 1322 εὴ
1288 1267 1500 1339 quoties
1533 1271 1587 1320 E
1613 1284 1801 1319 nume-

90 1379 211 1414 rum
250 1363 308 1413 K
342 1361 584 1429 metitur,
623 1361 788 1413 toties
830 1360 996 1413 etiam
1034 1362 1079 1411 Z
1117 1376 1401 1411 numerum
1433 1359 1485 1409 A
1523 1356 1799 1413 messiassur,

93 1453 147 1503 et
192 1450 447 1519 quoniam
488 1456 541 1503 A
589 1468 875 1503 numerum
916 1452 963 1501 Θ
1003 1452 1057 1501 et
1095 1452 1142 1501 Β
1182 1466 1467 1500 numerum
1509 1449 1572 1499 H
1607 1463 1800 1514 aequa·

91 1538 215 1591 liter
246 1538 486 1607 metitur,
519 1538 622 1591 erit
651 1543 705 1591 A
729 1557 741 1590 :
766 1541 813 1590 Β
842 1563 910 1581 =
935 1541 982 1590 Θ
1007 1557 1019 1590 :
1045 1539 1104 1588 H
1136 1535 1266 1603 [VII
1291 1535 1394 1588 def.
1420 1535 1507 1588 20.
1539 1534 1664 1604 VII,
1693 1534 1801 1600 13].

94 1627 282 1680 eadem
336 1628 402 1680 de
459 1646 621 1681 causa
678 1627 781 1680 erit
829 1627 996 1680 etiam
1033 1628 1116 1679 P:
1143 1629 1197 1677 A
1223 1651 1292 1668 ===
1319 1627 1416 1677 H:
1444 1627 1501 1677 K
1549 1627 1602 1676 εὴ
1647 1641 1803 1693 prae-

94 1718 243 1768 terea
284 1720 336 1769 E
363 1736 375 1768 ε
402 1720 447 1769 Ζ
470 1742 541 1759 =
569 1719 627 1769 K
648 1736 660 1769 ε
685 1719 750 1769 Λ.
813 1717 997 1785 itaque
1023 1719 1084 1785 Θ,
1108 1719 1179 1784 Η,
1203 1718 1274 1783 Κ,
1299 1717 1350 1767 A
1391 1714 1641 1781 deinceps
1681 1730 1804 1781 pro-

97 1804 439 1873 portionales
490 1808 618 1859 sunt
656 1805 714 1858 in
761 1805 1065 1862 rationibus
1113 1810 1166 1858 A
1198 1824 1210 1856 ε
1243 1807 1315 1871 Β,
1354 1805 1407 1856 Γ
1438 1823 1449 1856 :
1484 1806 1559 1870 Δ,
1599 1805 1652 1853 Ε
1687 1820 1700 1853 :
1741 1804 1800 1854 Z.

93 1893 203 1946 iam
243 1894 381 1959 dico,
421 1913 514 1948 eos
555 1894 720 1947 etiam
759 1895 1014 1947 minimos
1055 1911 1185 1946 esse.
1261 1911 1390 1945 nam
1431 1891 1478 1945 si
1516 1894 1579 1960 Θ,
1617 1893 1688 1959 Η,
1729 1893 1800 1958 Κ,

99 1986 150 2035 Λ
187 2001 297 2036 non
337 1988 465 2036 sunt
505 1983 720 2036 minimi
758 1983 1009 2052 deinceps
1049 1982 1452 2052 proportionles
1484 1981 1541 2032 in
1572 1978 1796 2032 rationi-

93 2071 196 2123 bus
235 2075 412 2139 21:13,
452 2075 535 2125 F:
562 2077 631 2141 A,
673 2075 845 2141 E:Z,
883 2071 1095 2124 minimi
1137 2071 1246 2123 sint
1284 2073 1356 2138 N,
1397 2068 1455 2138 Ξ,
1495 2072 1574 2139 M,
1617 2071 1677 2122 Ο.
1741 2070 1796 2121 et

97 2160 354 2228 quoniam
412 2164 495 2213 est
542 2165 595 2213 A
619 2164 703 2213 :B
730 2186 799 2203 =
825 2164 920 2213 N:
945 2159 1012 2229 Ξ,
1072 2162 1126 2212 εὴ
1172 2164 1245 2228 Α,
1285 2161 1337 2213 Β,
1388 2156 1601 2210 minimi
1657 2159 1798 2225 sunt,

95 2249 305 2302 minimi
343 2253 525 2302 autem
550 2268 656 2319 coe,
697 2251 788 2318 qui
813 2249 1036 2302 eandem
1060 2248 1329 2301 rationem
1353 2246 1570 2315 habent,
1604 2264 1798 2315 aequa-

91 2337 215 2391 liter
270 2339 592 2407 metiuntur,
651 2339 824 2392 maior
880 2338 1138 2391 maiorem
1193 2339 1248 2389 εὴ
1293 2336 1470 2389 minor
1516 2335 1798 2400 minorem,

92 2425 148 2479 h.
188 2444 230 2480 e.
282 2429 607 2496 praecedens
655 2428 1065 2498 praecedentem
1115 2429 1170 2479 eb
1216 2443 1443 2495 sequens
1484 2427 1797 2494 sequentem

97 2513 244 2583 [VIL
277 2515 397 2585 20],
452 2519 499 2569 Β
554 2534 810 2569 numerus
865 2534 1148 2569 numerum
1196 2514 1245 2575 ,Ξ
1291 2514 1531 2567 metitur.
1610 2514 1797 2567 eadem

213 2721 257 2776 1)
292 2719 493 2766 Uidetur
536 2720 661 2766 enim
704 2735 790 2779 pro
830 2721 884 2767 δέ
928 2721 1008 2767 lin.
1057 2727 1082 2766 3
1117 2721 1417 2767 scribendum
1450 2733 1550 2764 esse
1590 2715 1672 2776 δή;
1714 2718 1795 2764 cfr.

91 2791 137 2834 p.
173 2783 279 2835 194,
313 2784 384 2826 23.
452 2785 560 2838 262,
595 2786 663 2826 11.
