1988 3152
216 71 288 125 22
318 87 321 88 ⁷
853 79 1188 124 ΣΤΟΙΧΕΙῼΝ
1219 78 1277 126 ε’.

213 192 275 248 τὸ
325 200 441 249 ΗΒ
489 197 591 251 τοῦ
638 201 711 263 Ε,
779 198 1261 255 τοσαυταπλάσιον
1316 204 1467 258 ἔσται
1527 204 1621 258 καὶ
1674 203 1735 260 τὸ
1783 211 1901 260 ΘΛ

215 285 316 337 τοῦ
342 289 401 338 Ζ.

323 367 455 426 Ἐὰν
489 370 598 442 άρα
631 371 736 428 δύο
770 375 978 445 μεγέθη
1013 375 1119 431 δύο
1144 383 1410 447 μεγεθῶν
1436 379 1617 446 ἰσάκις
1640 373 1676 451 ἧ
1701 388 1903 436 πολλα-

214 458 446 529 πλάσια,
502 460 595 514 καὶ
649 458 1029 534 ἀφαιρεθέντα
1080 463 1206 520 τινὰ
1251 470 1364 522 τῶν
1411 469 1600 524 αὐτῶν
1650 468 1829 536 ἰσάκις
1866 463 1900 542 ᾗ

156 555 182 595 5
215 547 626 619 πολλαπλάσια,
665 551 758 605 καὶ
796 550 862 606 τὰ
905 551 1071 607 λοιπὰ
1102 565 1219 618 τοῖς
1251 553 1441 620 αὐτοῖς
1471 555 1594 627 ἤτοι
1627 563 1720 612 ἴσα
1753 559 1904 614 ἐστὶν

220 632 254 707 ἢ
297 635 479 703 ἰσάκις
518 635 709 695 αὐτῶν
747 640 1156 696 πολλαπλάσια·
1198 641 1332 713 ὅπερ
1374 647 1486 699 ἔδει
1527 646 1716 711 δεῖξαι.

333 901 420 959 Τὰ
475 910 583 960 ἴσα
637 906 798 978 πρὸς
850 906 920 964 τὸ
977 907 1135 964 αὐτὸ
1187 911 1300 967 τὸν
1356 909 1562 967 αὐτὸν
1618 916 1750 984 ἔχει
1798 912 1904 968 λό-

214 1013 334 1063 γον
373 993 480 1047 καὶ
519 992 588 1049 τὸ
630 993 789 1050 αὐτὸ
829 995 989 1068 πρὸς
1027 996 1099 1052 τὰ
1143 1004 1266 1053 ἴσα.

131 1090 185 1130 10
314 1081 495 1138 ’Έστω
537 1089 631 1138 ἴσα
670 1085 879 1156 μεγέθη
919 1084 986 1141 τοὶ
1012 1094 1081 1156 A,
1108 1093 1180 1156 B,
1222 1086 1358 1143 ἄλλο
1400 1089 1466 1143 δέ
1499 1111 1570 1159 τι,
1618 1085 1647 1144 ὃ
1697 1093 1906 1160 ἔτυχεν,

217 1171 456 1241 μέγεθος
493 1170 554 1227 τὸ
598 1177 664 1227 F·
704 1174 865 1244 λέγω,
906 1172 992 1230 ὅτι
1031 1174 1294 1247 ἑκάτερον
1332 1180 1446 1233 τῶν
1479 1185 1549 1247 A,
1576 1184 1622 1232 Β
1665 1176 1802 1250 πρὸς
1842 1176 1904 1233 τὸ

215 1264 269 1315 Γ
315 1258 413 1315 τὸν
469 1259 645 1316 αὐτὸν
697 1265 806 1333 ἔχει
860 1262 1062 1333 λόγον,
1116 1265 1208 1319 καὶ
1255 1263 1317 1320 τὸ
1367 1270 1420 1319 Γ
1457 1264 1596 1338 πρὸς
1643 1266 1904 1339 ἑκάτερον

214 1350 327 1404 τῶν
367 1355 436 1419 A,
461 1355 523 1404 Β.

329 1436 607 1509 Εἰλήφθω
648 1436 755 1509 γὰρ
794 1442 906 1495 τῶν
954 1439 1056 1510 μὲν
1096 1449 1178 1510 A,
1204 1446 1250 1495 B
1292 1440 1473 1506 ἰσάκις
1519 1443 1907 1499 πολλαπλάσια

130 1538 184 1577 15
215 1525 281 1583 τὰ
317 1532 388 1596 Δ,
415 1532 481 1596 Ε,
505 1530 606 1583 τοῦ
646 1526 707 1583 δὲ
740 1532 793 1583 Γ
817 1526 973 1598 ἄλλο,
1007 1525 1037 1584 ὃ
1072 1532 1280 1600 ἔτυχεν,
1312 1531 1730 1586 πολλαπλάσιον
1759 1531 1821 1588 τὸ
1850 1539 1909 1588 Ζ.

325 1614 474 1672 Ἐπεὶ
522 1610 628 1672 οὖν
677 1612 857 1683 ἰσάκις
905 1617 1020 1673 ἐστὶ
1059 1618 1478 1674 πολλαπλάσιον
1516 1618 1578 1675 τὸ
1622 1628 1675 1674 Δ
1713 1625 1815 1676 τοῦ
1855 1631 1908 1676 A

218 1705 311 1760 καὶ
349 1703 412 1761 τὸ
455 1712 508 1760 Ε
542 1709 643 1762 τοῦ
683 1711 749 1776 Β,
791 1713 917 1762 ἴσον
958 1706 1020 1762 δὲ
1057 1706 1122 1762 τὸ
1163 1715 1216 1762 Α
1254 1711 1330 1783 τῷ
1372 1714 1443 1778 Β,
1494 1715 1620 1764 ἴσον
1667 1707 1776 1781 ἄρα
1815 1711 1908 1765 καὶ

217 1793 279 1850 τὸ
338 1801 393 1849 Δ
447 1797 521 1871 τῷ
579 1800 641 1850 Ε.
734 1793 871 1850 ἄλλο
928 1796 1015 1865 δέ,
1079 1793 1111 1850 ὅ
1158 1799 1367 1868 ἔτυχεν,
1421 1795 1484 1852 τὸ
1536 1804 1595 1853 Ζ.
1681 1801 1754 1853 Εἰ
1798 1797 1908 1869 ἄρα

217 1881 473 1955 ὑπερέχει
511 1883 574 1939 τὸ
619 1891 673 1938 Δ
711 1886 814 1939 τοῦ
848 1890 911 1954 Ζ,
951 1881 1202 1956 ὑπερέχει
1241 1886 1332 1939 καὶ
1371 1884 1434 1941 τὸ
1476 1891 1528 1940 Ε
1562 1890 1663 1942 τοῦ
1706 1893 1775 1955 Ζ,
1815 1888 1912 1942 καὶ·

131 1979 188 2020 20
221 1974 272 2028 εἰ
311 1978 455 2041 ἴσον,
497 1979 641 2042 ἴσον,
681 1973 773 2027 καὶ
813 1976 864 2028 εἰ
910 1976 1184 2042 ἔλαττον,
1214 1977 1460 2030 ἔλαττον.
1542 1979 1639 2029 καί
1682 1977 1796 2030 ἐστι
1842 1975 1908 2030 τὰ

218 2061 321 2132 μὲν
348 2067 419 2131 Δ,
446 2064 629 2117 Ετῶν
663 2069 733 2131 A,
760 2067 807 2116 Β
847 2059 1026 2126 ἰσάκις
1056 2061 1469 2133 πολλαπλάσια,
1508 2063 1571 2119 τὸ
1614 2063 1675 2119 δὲ
1717 2071 1762 2119 Ζ
1807 2069 1907 2120 τοῦ

220 2155 273 2205 Γ
298 2147 454 2220 ἄλλο,
495 2147 525 2205 ὃ
562 2154 772 2221 ἔτυχεν,
812 2149 1253 2206 πολλαπλάσιον’
1303 2155 1453 2207 ἔστιν
1492 2150 1601 2224 ἄρα
1641 2150 1715 2218 ὡς
1753 2151 1815 2208 τὸ
1857 2161 1909 2208 A

224 2236 361 2311 πρὸς
399 2237 462 2293 τὸ
505 2243 575 2308 Γ,
616 2236 794 2303 οὕτως
830 2236 892 2293 τὸ
935 2244 982 2293 Β
1021 2237 1158 2311 πρὸς
1196 2238 1258 2295 τὸ
1300 2245 1360 2295 Γ.

331 2328 491 2397 Λέγω
534 2326 680 2398 [δή],
721 2325 807 2383 ὅτι
850 2328 942 2382 καὶ
974 2326 1035 2383 τὸ
1071 2333 1122 2382 Ε
1149 2327 1288 2399 πρὸς
1319 2327 1581 2400 ἑκάτερον
1612 2332 1725 2384 τῶν
1760 2337 1828 2400 A,
1862 2336 1907 2384 Β

133 2430 189 2470 25
221 2413 322 2471 τὸν
363 2413 538 2472 αὐτὸν
577 2419 684 2487 ἔχει
726 2414 914 2486 λόγον.

342 2630 382 2671 5.
415 2624 496 2669 καὶ
526 2621 604 2684 τά]
637 2622 696 2669 τά
728 2625 777 2669 in
801 2638 886 2668 ras.
919 2624 969 2669 P.
1093 2621 1239 2681 ἐστίν]
1274 2637 1389 2668 corr.
1421 2635 1478 2666 ex
1509 2620 1638 2667 ἔσται
1671 2640 1712 2682 p.
1840 2629 1907 2668 10.

224 2678 272 2743 ο]
322 2699 462 2755 supra
509 2700 568 2729 m.
614 2689 640 2728 2
681 2683 731 2728 F.
804 2682 935 2739 ἔτυχε
971 2682 1063 2739 Vp.
1221 2687 1287 2727 14.
1332 2679 1438 2739 μέν]
1488 2681 1592 2737 PF;
1635 2698 1724 2729 om.
1764 2683 1905 2740 BVp.

285 2747 353 2787 15.
395 2739 442 2802 ο]
485 2757 626 2801 supra
662 2758 720 2787 m.
763 2748 788 2786 2
830 2743 879 2787 F.
923 2739 1056 2799 ἔτυχε
1097 2740 1192 2799 Vp.
1348 2746 1415 2786 16.
1455 2737 1531 2798 τό]
1571 2743 1656 2786 τοῦ
1697 2758 1756 2787 m.
1798 2748 1824 2786 2
1857 2742 1906 2786 P.

1033 2796 1056 2814 F!

222 2802 330 2860 τοῦ]
371 2817 484 2847 corr.
526 2817 582 2847 ex
623 2799 675 2847 τό
714 2802 764 2847 P.
919 2806 987 2846 18.
1029 2801 1077 2859 ο]
1115 2816 1175 2845 m.
1217 2805 1244 2844 2
1282 2799 1330 2846 F.
1402 2797 1535 2856 ἔτυχε
1576 2800 1679 2859 Vp,
1728 2803 1776 2846 et
1814 2815 1908 2872 seq.

222 2874 311 2906 ras.
347 2867 369 2905 1
395 2862 486 2907 h‘tt.
511 2863 560 2906 F.
683 2866 753 2906 20.
786 2861 894 2919 καί]
930 2875 1080 2918 comp.
1112 2860 1170 2916 F,
1210 2859 1318 2906 dein
1349 2859 1453 2903 add.
1486 2861 1574 2903 καί
1599 2877 1649 2917 φ.
1770 2857 1849 2918 τά]
1885 2875 1909 2905 e
