1988 3152
271 182 379 237 322
902 188 1239 231 mmmm
1269 184 1336 244 η’.

270 305 384 360 ἐπεὶ
424 306 483 360 οἱ
519 308 582 372 Γ,
619 309 670 359 A
707 315 824 369 τοῖς
863 310 925 373 Ζ,
957 309 1024 358 Η
1054 307 1114 360 ἐν
1153 308 1230 380 τῷ
1271 303 1419 381 αὐτῷ
1460 306 1611 382 λόγῳ
1653 310 1823 377 εἰσίν,
1864 309 1958 363 καὶ

269 396 328 449 ἐκ
373 394 475 463 μὲν
521 396 636 448 τῶν
676 397 746 462 Γ,
779 399 835 447 A
873 395 1023 449 ἐστιν
1063 390 1092 449 6
1134 399 1213 463 Κ,
1254 395 1313 449 ἐκ
1359 395 1423 450 δὲ
1460 398 1572 450 τῶν
1613 401 1682 465 Ζ,
1718 400 1786 450 Η
1816 393 1844 450 6
1887 402 1956 466 A,

268 483 326 538 οἰ
361 486 434 550 Κ,
466 485 518 534 A
558 479 714 553 [ἄρα]
758 479 944 553 ὅμοιοι
983 484 1237 538 ἐπίπεδοί
1262 486 1404 538 εἰσιν
1435 479 1695 556 ἀριθμοί·
1735 486 1850 539 τῶν
1882 489 1956 553 Κ,

266 575 319 625 Λ
365 568 474 642 ἄρα
521 564 599 634 εἷς
652 570 818 640 μέσος
863 567 1149 641 ἀνάλογόν
1197 572 1347 627 ἐστιν
1402 569 1659 643 ἀριθμός.
1738 576 1875 628 ἔστω
1925 569 1954 627 6

207 671 233 710 5
266 664 346 714 M.
422 654 451 712 6
501 664 575 714 Μ
613 657 721 730 ἄρα
761 658 910 714 ἐστὶν
952 657 980 714 6
1023 660 1082 714 ἐκ
1119 662 1233 716 τῶν
1275 665 1354 728 Δ,
1387 665 1456 729 Ζ,
1506 656 1580 724 ὥς
1631 661 1692 716 ἐν
1730 663 1807 735 τῷ
1845 659 1952 731 πρὸ

263 745 470 802 τούτου
515 746 838 819 θεωρήματι
892 748 1132 818 ἐδείχθη.
1209 747 1301 801 καὶ
1349 747 1465 802 ἐπεὶ
1516 745 1545 802 6
1597 754 1653 802 A
1697 746 1800 803 τὸν
1854 748 1956 819 μὲν

267 839 321 889 Γ
356 834 845 899 πολλαπλασιάσας
892 833 993 889 τὸν
1032 840 1090 889 Κ
1125 839 1446 905 πεποίηκεν,
1494 832 1596 890 τὸν
1638 834 1701 890 δὲ
1742 842 1786 890 Ζ
1825 842 1957 891 πολ-

264 922 643 988 λαπλασιάσας
695 921 796 978 τὸν
842 928 915 977 Μ
960 927 1283 994 πεποίηκεν,
1340 927 1490 979 ἔστιν
1547 922 1654 995 ἄρα
1712 921 1785 989 ὡς
1833 920 1861 978 6
1910 929 1963 978 Γ

263 1011 401 1084 πρὸς
438 1010 537 1067 τὸν
578 1018 648 1081 Ζ,
697 1009 874 1077 οὕτως
913 1008 941 1066 6
982 1015 1040 1064 K
1074 1011 1212 1083 πρὸς
1249 1010 1350 1066 τὸν
1391 1018 1471 1067 Μ
1549 1010 1671 1067 ἀλλ’
1717 1009 1792 1077 ὥς
1832 1009 1862 1067 6
1902 1017 1960 1066 Κ

178 1118 232 1158 10
263 1100 403 1173 πρὸς
447 1099 549 1157 τὸν
601 1105 692 1170 Μ,
741 1097 770 1155 6
818 1105 891 1154 M
936 1099 1076 1169 πρὸς
1120 1097 1221 1155 τὸν
1267 1106 1332 1155 Λ.
1402 1102 1460 1156 οἶ
1503 1105 1584 1170 Κ,
1617 1106 1708 1169 Μ,
1748 1105 1799 1153 Λ
1845 1098 1955 1172 ἄρα

265 1189 387 1260 ἑξῆς
440 1192 583 1244 εἰσιν
630 1186 913 1259 ἀνάλογον
962 1190 1022 1243 ἐν
1070 1191 1146 1263 τῷ
1193 1191 1293 1244 τοῦ
1347 1192 1400 1243 Γ
1446 1187 1588 1261 πρὸς
1627 1186 1729 1242 τὸν
1771 1194 1815 1241 Ζ
1862 1187 1955 1243 λό-

263 1299 357 1351 γῳ.
432 1277 524 1332 καὶ
573 1277 693 1331 ἐπεί
735 1278 885 1331 ἐστιν
933 1274 1007 1342 ὡς
1055 1274 1083 1331 6
1132 1282 1186 1331 Γ
1232 1275 1371 1349 πρὸς
1416 1274 1516 1332 τὸν
1566 1282 1646 1346 Δ,
1700 1274 1877 1342 οὕτως
1923 1274 1952 1332 6

264 1371 309 1421 Ζ
347 1364 487 1437 πρὸς
523 1363 625 1420 τὸν
663 1370 742 1437 Η,
781 1363 1016 1430 ἐναλλὰξ
1055 1366 1164 1437 ἄρα
1202 1365 1352 1420 ἐστὶν
1386 1362 1461 1430 ὥς
1501 1361 1530 1419 6
1583 1368 1636 1418 Γ
1674 1362 1815 1436 πρὸς
1852 1363 1954 1420 τὸν

263 1441 334 1523 Ζ,
390 1452 567 1518 οὕτως
614 1451 643 1509 6
697 1459 752 1507 A
797 1451 937 1525 πρὸς
981 1451 1081 1508 τὸν
1128 1459 1199 1509 Η.
1285 1451 1378 1508 διὰ
1430 1453 1496 1507 τὰ
1551 1449 1692 1507 αὐτὰ
1743 1450 1812 1522 δὴ
1859 1452 1952 1507 καὶ

179 1559 229 1599 15
263 1539 337 1606 ὡς
384 1539 413 1597 6
464 1548 519 1596 A
563 1541 702 1612 πρὸς
746 1540 845 1597 τὸν
891 1546 1000 1611 Η,-
1030 1541 1207 1606 οὕτως
1255 1539 1284 1597 6
1334 1548 1386 1596 E
1426 1539 1568 1613 πρὸς
1618 1538 1719 1595 τὸν
1766 1547 1826 1596 Θ.
1899 1543 1958 1597 οἱ

262 1636 342 1701 Κ,
375 1636 466 1700 Μ,
500 1636 550 1685 A
597 1631 708 1702 ἄρα
754 1630 878 1700 ἑξῆς
923 1633 1066 1684 εἰσιν
1114 1627 1397 1699 ἀνάλογον
1448 1632 1508 1683 ἔν
1555 1649 1612 1682 τε
1651 1630 1727 1703 τῷ
1766 1632 1868 1683 τοῦ
1908 1634 1962 1684 Γ

261 1718 400 1791 πρὸς
451 1717 552 1774 τὸν
601 1725 645 1773 Ζ
700 1717 848 1792 λόγῳ
894 1717 986 1772 καὶ
1039 1720 1115 1793 τῷ
1168 1721 1270 1773 τοῦ
1319 1724 1373 1772 A
1421 1716 1558 1790 πρὸς
1612 1715 1712 1772 τὸν
1759 1723 1825 1771 Η
1861 1718 1954 1772 καὶ

260 1811 342 1861 ἔτι
387 1810 463 1881 τῷ
510 1809 612 1862 τοῦ
659 1811 712 1860 Ε
753 1804 893 1877 πρὸς
937 1804 1038 1861 τὸν
1087 1811 1149 1860 Θ.
1228 1805 1483 1877 ἑκάτερος
1532 1802 1602 1875 δὴ
1649 1806 1762 1860 τῶν
1801 1811 1874 1875 Ε,
1908 1811 1955 1860 Θ

259 1894 360 1951 τὸν
407 1901 480 1950 Μ
518 1893 1007 1958 πολλαπλασιάσας
1053 1892 1315 1965 ἑκάτερον
1353 1895 1469 1948 ταῖν
1510 1898 1594 1963 Ν,
1625 1895 1675 1955 Ξ
1715 1897 1954 1949 ποιείτω.

171 2000 230 2040 20
261 1984 353 2039 καὶ
402 1983 517 2038 ἐπεὶ
558 1981 779 2054 στερεός
818 1984 968 2037 ἐστιν
1011 1978 1040 2037 6
1083 1989 1161 2051 A,
1208 1981 1441 2051 πλευραὶ
1490 1979 1553 2035 δὲ
1597 1979 1772 2037 αὐτοῦ
1811 1985 1953 2036 εἰσιν

262 2075 319 2127 oc
364 2076 435 2142 Γ,
468 2077 548 2140 Δ,
580 2077 652 2139 Ε,
702 2069 731 2126 6
778 2077 831 2125 E
873 2069 984 2141 ἄρα
1029 2068 1128 2125 τὸν
1183 2071 1242 2125 ἐκ
1286 2071 1399 2125 τῶν
1438 2074 1514 2139 Γ,
1549 2075 1604 2122 A
1641 2075 1953 2124 πολλαπλα-

261 2158 458 2225 σιάσας
494 2158 595 2215 τὸν
634 2165 687 2212 Α
726 2163 1037 2229 πεποίηκεν.
1113 2155 1142 2212 6
1184 2157 1246 2212 δὲ
1286 2159 1344 2213 ἐκ
1382 2160 1496 2212 τῶν
1542 2161 1604 2226 Γ,
1638 2164 1694 2212 A
1733 2160 1881 2213 ἐστιν
1922 2155 1951 2213 6

260 2255 336 2304 K·
376 2246 405 2303 6
446 2253 499 2303 E
535 2245 642 2319 ἄρα
673 2246 774 2301 τὸν
814 2251 873 2300 Κ
900 2244 1390 2310 πολλαπλασιάσας
1421 2244 1523 2301 τὸν
1557 2252 1609 2300 Α
1639 2251 1952 2316 πεποίηκεν.

261 2335 354 2392 διὰ
395 2335 461 2392 τὰ
502 2333 642 2391 αὐτὰ
685 2333 754 2406 δὴ
794 2335 886 2390 καὶ
926 2333 955 2389 6
997 2340 1044 2389 Θ
1082 2333 1184 2389 τὸν
1225 2339 1276 2388 Λ
1314 2333 1805 2400 πολλαπλασιάσας
1850 2334 1951 2391 τὸν

171 2441 227 2482 25
260 2431 309 2481 Β
355 2429 665 2494 πεποίηκεν.
742 2423 835 2478 καὶ
883 2423 998 2478 ἐπεὶ
1046 2445 1074 2478 ο
1126 2427 1179 2476 Ε
1212 2419 1312 2476 τὸν
1359 2427 1418 2476 Κ
1462 2422 1951 2488 πολλαπλασιάσας

257 2511 359 2569 τὸν
407 2519 459 2567 Α
502 2516 827 2583 πεποίηκεν,
882 2510 1023 2567 ἀλλὰ
1072 2509 1185 2582 μὴν
1231 2509 1324 2565 καὶ
1370 2508 1471 2564 τὸν
1526 2516 1601 2565 Μ
1638 2515 1950 2566 πολλαπλα-

259 2599 458 2665 σιάσας
505 2599 607 2655 τὸν
654 2607 714 2655 Ν
756 2605 1083 2671 πεποίηκεν,
1141 2603 1290 2654 ἔστιν
1338 2596 1447 2670 ἄρα
1496 2594 1571 2663 ὥς
1620 2597 1648 2653 6
1705 2603 1763 2654 K
1811 2597 1950 2668 πρὸς

258 2688 359 2744 τὸν
405 2693 495 2758 Μ,
544 2689 720 2754 οὕτως
767 2687 795 2745 6
837 2698 889 2745 A
928 2687 1068 2762 πρὸς
1115 2686 1215 2743 τὸν
1253 2692 1328 2742 Ν.
1403 2683 1478 2751 ὥς
1526 2685 1587 2741 δὲ
1628 2686 1657 2741 6
1708 2692 1766 2742 Κ
1809 2686 1948 2758 πρὸς

258 2775 359 2831 τὸν
404 2782 494 2846 Μ,
552 2773 730 2842 οὕτως
775 2777 810 2832 6'
853 2798 910 2832 τε
956 2781 1010 2832 Γ
1056 2774 1201 2848 πρὸς
1244 2774 1347 2830 τὸν
1395 2780 1440 2828 Ζ
1487 2774 1580 2828 καὶ
1629 2773 1658 2830 6
1708 2781 1764 2829 A
1810 2776 1949 2847 πρὸς

170 2883 228 2926 30
259 2863 359 2920 τὸν
420 2869 487 2919 Η
530 2864 622 2919 καὶ
679 2869 759 2920 ἔτι
814 2863 842 2919 6
900 2872 952 2920 Ε
1001 2863 1140 2937 πρὸς
1193 2862 1293 2919 τὸν
1347 2868 1414 2918 Θ·
1469 2862 1561 2917 καὶ
1617 2860 1691 2928 ὥς
1747 2861 1857 2934 ἄρα
1914 2886 1943 2919 ο

380 2988 419 3027 1.
453 2980 525 3040 οἱ]
559 2995 673 3027 corr.
708 2995 764 3027 ex
797 2977 822 3026 6
854 2995 914 3026 m.
947 2987 974 3025 2
1005 2982 1053 3026 P.
1149 2979 1244 3025 εἰσί
1270 2981 1371 3037 Vq).
1527 2985 1567 3026 3.
1601 2975 1718 3038 ἄρα]
1761 2993 1850 3025 om.
1892 2979 1942 3025 P.
