1988 3152
163 1092 217 1132 10

165 1626 219 1666 15

161 2076 218 2117 20

250 83 359 137 396
880 84 1217 126 ΣΤοῑΧΕΙῼΝ
1247 79 1319 127 θ’.

358 199 506 258 Ἐπεὶ
555 200 662 274 γὰρ
711 198 741 256 5
789 207 898 256 AB
945 199 1206 272 περισσός
1253 202 1428 269 ἐστιν,
1483 197 1801 272 ἀφῃρήσθω
1850 222 1943 271 μο·

250 290 353 357 νὰς
392 288 426 362 ἡ
468 296 603 345 ΒΔ·
652 288 847 354 λοιπὸς
885 287 996 360 ἄρα
1036 286 1066 344 5
1105 295 1224 343 AA
1261 287 1453 361 ἄρτιός
1493 290 1656 344 ἐστιν.
1735 287 1829 344 διὰ
1875 288 1942 344 τὰ

251 377 393 435 αὐτὰ
442 377 511 450 δὴ
559 377 652 434 καὶ
701 376 729 434 5
772 383 876 434 ΓΔ
915 376 1107 450 ἄρτιός
1147 379 1318 433 ἐστιν·
1367 375 1507 433 ὥστε
1545 378 1637 432 καὶ
1683 376 1874 442 λοιπὸς
1913 376 1944 433 5

251 473 351 523 ΓΑ
390 466 583 539 ἄρτιός
623 469 793 523 ἐστιν·
836 465 971 539 ὅπερ
1014 470 1125 522 ἔδει
1166 468 1356 533 δεῖξαι.

1050 629 1147 697 κζ’.

359 730 504 787 Ἐὰν
558 730 683 787 ἀπὸ
740 735 1065 804 περισσοῦ
1120 729 1416 803 ἀριθμοῦ
1472 729 1697 804 ἄρτιος
1752 730 1946 803 ἀφαι-

251 823 440 893 ρεθῇ,
482 817 511 876 5
552 820 784 886 λοιπὸς
822 818 1136 892 περισσὸς
1176 824 1371 876 ἔσται.

355 906 491 964 Ἀπὸ
539 907 645 981 γὰρ
692 913 962 981 περισσοῦ
1009 913 1110 966 τοῦ
1157 915 1266 964 ΑΒ
1315 907 1505 981 ἄρτιος
1550 907 1869 982 ἀφῃρήσθω
1912 907 1941 964 5

251 1003 375 1054 ΒΓ·
415 998 583 1068 λέγω,
625 996 711 1054 ὅτι
752 995 782 1054 5
823 996 1018 1064 λοιπὸς
1059 996 1088 1054 5
1130 1002 1230 1053 ΓΑ
1268 998 1531 1071 περισσός
1570 999 1736 1054 ἐστιν.

357 1084 698 1159 Ἀφῃρήσθω
741 1085 892 1160 [γὰρ]
933 1085 1110 1159 μονὰς
1148 1084 1182 1158 ἡ
1224 1094 1362 1142 ΑΛ·
1404 1085 1433 1143 5
1468 1093 1579 1143 AB
1613 1086 1723 1160 ἄρα
1755 1085 1946 1159 ἄρτιός

250 1178 418 1232 ἐστιν.
496 1180 611 1231 ε”στι
660 1175 721 1231 δὲ
767 1176 860 1231 καὶ
910 1173 940 1231 5
989 1181 1100 1231 ΒΓ
1140 1175 1351 1248 ἄρτιος·
1398 1177 1491 1231 καὶ
1531 1174 1725 1240 λοιπὸς
1765 1174 1873 1245 ἄρα
1914 1175 1943 1230 5

250 1268 353 1319 ΓΔ
377 1260 570 1337 ἄρτιός
595 1265 760 1319 ἐστιν.
816 1262 1078 1334 περισσὸς
1102 1262 1213 1335 ἄρα
1238 1261 1266 1319 5
1294 1267 1413 1318 ΓΑ·
1456 1263 1591 1335 ὅπερ
1618 1266 1730 1318 ἔδει
1757 1265 1945 1330 δεῖξαι.

1052 1448 1118 1497 κη
1148 1470 1158 1481 .

358 1526 506 1584 Ἐὰν
560 1526 878 1601 περισσὸς
933 1526 1223 1600 ἀριθμὸς
1277 1526 1512 1600 ἄρτιον
1574 1535 1947 1585 πολλαπλα-

253 1618 489 1682 σιάσας
540 1620 695 1690 ποιῇ
750 1639 922 1685 τινα,
979 1614 1008 1673 5
1066 1617 1427 1689 γενόμενος
1475 1615 1700 1689 ἄρτιος
1751 1621 1945 1674 ἔσται.

362 1704 642 1778 Περισσὸς
679 1705 787 1778 γὰρ
829 1703 1074 1778 ἀριθμὸς
1113 1704 1142 1762 5
1185 1714 1238 1761 A
1276 1705 1471 1778 ἄρτιον
1518 1704 1617 1762 τὸν
1658 1712 1704 1761 Β
1745 1713 1945 1762 πολλα-

249 1795 559 1861 πλασιάσας
611 1793 710 1851 τὸν
774 1800 826 1850 Γ
887 1799 1134 1850 ποιείτω·
1196 1796 1363 1866 λέγω,
1427 1793 1513 1850 ὅτι
1568 1792 1596 1850 ὁ
1654 1800 1708 1850 Γ
1761 1794 1951 1868 ἄρτιός

251 1887 416 1941 ἐστιν.

359 1971 507 2028 Ἐπεὶ
547 1970 653 2043 γὰρ
696 1969 725 2028 5
766 1980 819 2028 A
857 1970 958 2029 τὸν
998 1979 1045 2028 Β
1085 1971 1575 2038 πολλαπλασιάσας
1614 1970 1713 2028 τὸν
1761 1976 1814 2027 Γ
1853 1993 1944 2028 πε-

250 2066 505 2133 ποίηκεν,
547 2060 576 2117 5
619 2066 671 2116 Γ
703 2060 813 2132 ἄρα
853 2061 1135 2133 σύγκειται
1176 2063 1234 2117 ἐκ
1272 2060 1560 2117 τοσούτων
1602 2068 1740 2117 ἴσων
1771 2065 1847 2138 τῷ
1880 2067 1947 2131 Β,

251 2150 380 2206 ὅσαι
421 2150 565 2205 εἰσὶν
606 2152 667 2206 ἐν
707 2153 783 2227 τῷ
825 2158 878 2205 Α
917 2151 1172 2222 μονάδες.
1249 2154 1347 2205 καί
1383 2152 1534 2206 ἐστιν
1573 2147 1602 2206 5
1644 2156 1690 2205 Β
1731 2149 1944 2222 ἄρτιος·

251 2236 281 2294 5
330 2243 383 2294 Γ
422 2237 532 2310 ἄρα
579 2238 862 2310 σύγκειται
911 2241 966 2305 ἐξ,
1013 2236 1237 2311 ἀρτίων.
1316 2236 1412 2294 ἐὰν
1461 2238 1522 2294 δὲ
1563 2237 1744 2310 ἄρτιοι
1784 2238 1948 2311 ἀριθ-

251 2327 345 2398 μοὶ
379 2325 686 2383 ὁποσοιοῦν
727 2331 1101 2398 συντεθῶσιν,
1143 2325 1172 2384 5
1215 2326 1345 2393 ὅλος
1385 2325 1576 2399 ἄρτιός
1617 2330 1780 2382 ἐστιν.
1850 2325 1946 2398 ἄρ-

249 2436 366 2480 τιος
404 2413 515 2486 ἄρα
556 2415 706 2471 ἐστὶν
747 2413 776 2471 5
818 2420 885 2471 Γ·
926 2414 1060 2489 ὅπερ
1102 2419 1215 2471 ἔδει
1257 2417 1447 2482 δεῖξαι.

370 2568 412 2608 2.
446 2559 592 2622 ἐστιν]
626 2563 682 2618 Ρ,
716 2577 867 2621 comp.
900 2563 956 2619 F;
992 2560 1088 2609 ἐστι
1119 2564 1214 2619 Vq.
1323 2568 1364 2608 4.
1401 2563 1505 2621 ΓΑ]
1539 2566 1630 2606 ΑΓ
1657 2563 1797 2620 BVq.
1906 2568 1945 2608 7.

252 2621 411 2680 ἔσται]
447 2619 572 2667 ἐστιν
606 2636 756 2679 comp.
787 2624 838 2668 F.
957 2628 997 2668 9.
1032 2620 1087 2682 5]
1123 2623 1241 2680 (alt.)
1274 2637 1364 2668 om.
1399 2637 1442 2679 q.
1554 2622 1658 2681 ΓΑ]
1693 2637 1716 2667 e
1750 2637 1863 2667 corr.
1889 2622 1945 2668 V.

253 2687 321 2728 10.
356 2681 476 2740 γάρ]
510 2695 599 2726 om.
633 2681 682 2727 P.
837 2678 959 2739 ἄρα]
994 2697 1080 2728 om.
1114 2697 1158 2739 q.
1313 2687 1382 2726 12.
1416 2678 1513 2726 ἐστι
1545 2696 1587 2737 q.
1653 2681 1757 2739 Seq.
1797 2681 1847 2725 in
1879 2681 1946 2726 V:

252 2740 350 2786 ἔστι
389 2740 441 2785 δὲ
484 2740 563 2785 καὶ
605 2737 753 2797 μονὰς
792 2737 821 2796 ἡ
857 2746 959 2788 ΔΑ.
1114 2742 1206 2797 ἄρα
1239 2737 1365 2787 ἐστίν
1395 2741 1451 2786 V.
1606 2746 1673 2785 14.
1706 2739 1946 2799 περισσός]

251 2814 392 2857 supra
423 2799 472 2844 F.
596 2805 666 2845 16.
699 2797 918 2855 περισσὸς
950 2799 1039 2858 γὰρ
1074 2797 1310 2860 ἀριθμός]
1343 2796 1549 2858 ἀριθμὸς
1580 2797 1672 2857 γάρ
1703 2800 1751 2846 F.
1874 2805 1945 2844 23.

249 2861 455 2904 τεθῶσιν
486 2860 536 2904 Ρ.
661 2855 715 2917 5]
752 2873 840 2904 om.
874 2875 917 2917 q.
