1988 3152
225 129 296 181 84
551 114 557 119 ’
854 128 1190 172 ΣΤοΙΧΕΙΩΝ
1221 103 1289 172 ς’.

223 246 364 319 πρὸς
409 247 512 318 τὴν
565 253 694 301 ΑΕ·
741 245 1021 318 τριγώνου
1063 245 1171 317 γὰρ
1218 249 1319 302 τοῦ
1366 251 1532 301 ΒΓΕ
1573 243 1721 315 παρὰ
1778 247 1912 316 μίαν

222 334 326 405 τὴν
375 340 487 390 ΕΓ
529 327 689 405 ἦκται
736 331 770 405 ἡ
818 341 959 390 ΑΔ·
1008 335 1104 390 καὶ
1152 333 1227 400 ὡς
1266 333 1375 407 ἄρα
1414 332 1448 406 ἡ
1488 341 1598 390 ΒΑ
1636 332 1774 407 πρὸς
1811 331 1913 404 τὴν

224 428 350 493 ΑΓ,
384 420 563 488 οὕτως
601 419 635 493 ἡ
676 429 788 478 ΒΑ
825 420 964 494 πρὸς
1003 422 1111 494 τὴν
1151 429 1276 478 ΑΕ.
1348 429 1438 494 ἴση
1479 421 1588 494 ἄρα
1626 420 1661 493 ἡ
1702 427 1816 478 ΑΓ
1846 425 1912 495 τῇ

225 517 359 565 ΑΕ·
417 508 558 566 ὥστε
612 510 706 565 καὶ
760 515 938 582 γωνία
992 508 1026 581 ἡ
1081 508 1190 567 ὑπὸ
1248 516 1422 567 ΑΕΓ
1466 513 1533 584 τῇ
1588 508 1697 566 ὑπὸ
1751 516 1919 566 ΑΓΕ

169 613 194 651 5
227 600 378 654 ἐστιν
435 605 542 671 ἴση.
621 596 743 654 ἀλλ’
794 597 828 671 ἡ
884 598 988 670 μὲν
1036 597 1146 655 ὑπὸ
1188 592 1361 655 ΑΕΓ
1391 602 1456 672 τῇ
1498 597 1652 664 ἐκτὸς
1698 602 1763 672 τῇ
1803 596 1912 654 ὑπὸ

224 693 338 743 BA
348 694 404 743 A
452 689 646 757 [ἐστιν]
698 694 816 759 ἴση,
870 685 905 759 ἡ
964 688 1027 743 δὲ
1079 685 1188 743 ὑπὸ
1243 693 1411 743 ΑΓΕ
1454 691 1519 759 τῇ
1568 685 1802 753 ἐναλλὰξ
1848 690 1914 759 τῇ

223 774 334 831 ὑπὸ
377 780 552 831 ΓΑΔ
600 779 751 833 ἐστιν
798 783 914 848 ἴση·
961 777 1054 831 καὶ
1101 774 1136 847 ἡ
1187 774 1296 832 ὑπὸ
1337 782 1515 831 ΒΑΔ
1553 775 1663 847 ἄρα
1699 778 1765 847 τῇ
1805 773 1914 831 ὑπὸ

225 869 402 919 ΓΑΔ
425 866 579 920 ἐστιν
603 871 712 936 ἴση.
772 862 806 935 ἡ
834 863 945 937 ἄρα
970 862 1080 920 ὑπὸ
1105 869 1279 919 ΒΑΓ
1293 871 1471 935 γωνία
1504 867 1631 937 δίχα
1661 865 1916 936 τέτμηται

224 950 334 1008 ὑπὸ
367 955 464 1023 τῆς
502 960 556 1008 A
567 960 623 1007 A
661 951 899 1019 εὐθείας.

143 1054 196 1094 10
336 1037 469 1095 Ἐὰν
525 1039 634 1111 ἄρα
687 1041 967 1114 τριγώνου
1014 1039 1046 1113 ἡ
1106 1045 1285 1111 γωνία
1335 1045 1463 1114 δίχα
1507 1045 1717 1116 τμηθῇ,
1771 1066 1805 1115 η
1855 1043 1917 1099 δὲ

232 1130 511 1200 τέμνουσα
565 1128 669 1202 τὴν
723 1134 937 1201 γωνίαν
985 1128 1186 1186 εὐθεῖα
1231 1130 1400 1204 τέμνῃ
1448 1131 1540 1186 καὶ
1585 1129 1689 1202 τὴν
1733 1132 1917 1203 βάσιν,

230 1217 297 1274 τὰ
343 1221 441 1288 τῆς
489 1217 705 1288 βάσεως
749 1218 1003 1291 τμήματα
1048 1219 1149 1275 τὸν
1196 1217 1372 1275 αὐτὸν
1419 1220 1527 1286 ἕξει
1581 1218 1754 1291 λόγον
1799 1230 1920 1286 ταῖς

232 1312 452 1373 λοιπαῖς
482 1309 585 1362 τοῦ
615 1306 896 1377 τριγώνου
925 1315 1209 1382 πλευραῖς·
1241 1308 1333 1363 καὶ
1367 1306 1464 1364 ἐὰν
1489 1306 1555 1364 τὰ
1580 1312 1678 1379 τῆς
1707 1309 1920 1379 βάσεως

232 1395 485 1467 τμήματα
531 1393 631 1451 τὸν
687 1393 863 1452 αὐτὸν
903 1401 997 1470 ἔχῃ
1038 1396 1210 1469 λόγον
1254 1407 1375 1462 ταῖς
1411 1403 1631 1464 λοιπαῖς
1666 1401 1768 1454 τοῦ
1806 1419 1919 1470 τρι-

146 1494 200 1536 15
232 1485 421 1555 γώνου
468 1487 755 1557 πλευραῖς,
802 1482 837 1556 ἡ
884 1483 992 1541 ἀπὸ
1031 1489 1128 1557 τῆς
1173 1489 1427 1558 κορυφῆς
1456 1486 1552 1541 ’ἐπὶ
1598 1485 1703 1558 τὴν
1741 1485 1919 1557 τομὴν

233 1574 663 1645 ἐπιζευγνυμένη
714 1571 911 1629 εὐθεῖα
961 1577 1089 1646 δίχα
1134 1575 1319 1646 τέμνει
1357 1573 1461 1645 τὴν
1500 1577 1603 1630 τοῦ
1640 1574 1921 1647 τριγώνου

230 1666 466 1732 γωνίαν·
507 1662 643 1734 ὅπερ
684 1665 797 1718 ἔδει
838 1663 1027 1729 δεῖξαι.

1045 1809 1116 1865 δ’.

349 1915 490 1967 Τῶν
561 1915 937 1983 ἰσογωνίων
1011 1902 1360 1985 τριγώνων
1434 1912 1770 1985 ἀνάλογόν
1832 1917 1921 1969 εί-
1977 1957 1988 1968 .

147 2022 203 2061 20
236 2016 344 2055 σιν
392 2002 462 2055 αἱ
507 2001 786 2073 πλευραὶ
841 2003 910 2055 αἱ
960 2001 1110 2073 περὶ
1162 2001 1276 2067 τὰς
1330 2008 1475 2068 ἴσας
1526 2006 1769 2074 γωνίας
1814 2003 1922 2058 καὶ

230 2086 556 2160 ὁμόλογοι
589 2092 659 2144 αἰ
685 2087 810 2145 ὑπὸ
843 2088 957 2155 τὰς
989 2098 1136 2156 ἴσας
1167 2095 1410 2165 γωνίας
1432 2088 1921 2147 ὑποτείνουσαι.

327 2176 509 2232 ’Ἑστω
570 2177 840 2248 ἰσογώνια
899 2182 1145 2250 τρίγωνα
1214 2179 1281 2235 τὰ
1345 2185 1536 2250 ΑΒΓ,
1563 2185 1735 2235 ΔΓΕ
1793 2186 1921 2251 ἴσην

229 2269 429 2337 ἔχοντα
470 2264 576 2333 τὶν
616 2265 718 2337 μὲν
757 2264 866 2322 ὑπὸ
910 2272 1088 2322 ΑΒΓ
1119 2271 1333 2338 γωνίαν
1364 2270 1429 2340 τῇ
1462 2264 1571 2322 ὑπὸ
1605 2272 1791 2338 ΔΓΕ,
1822 2266 1925 2338 τὴν

230 2353 292 2409 δὲ
345 2350 456 2408 ὑπὸ
510 2357 681 2408 ΒΑΓ
721 2356 786 2427 τῇ
833 2351 942 2409 ὑπὸ
1003 2358 1167 2409 ΓΔΕ
1200 2354 1293 2409 καὶ
1344 2357 1424 2409 ἔτι
1469 2353 1573 2425 τὴν
1610 2352 1711 2411 ὑπέ
1759 2359 1922 2411 ΑΓΒ

141 2462 198 2503 25
228 2444 295 2514 τῇ
334 2438 444 2496 ὑπὸ
487 2445 679 2496 ΓΕΔ·
719 2443 887 2512 λέγω,
936 2440 1021 2498 ὅτι
1059 2445 1173 2498 τῶν
1211 2447 1394 2513 ΑΒΓ,
1420 2447 1593 2498 ΔΓΕ
1632 2443 1924 2515 τριγώνων

350 2589 427 2635 IV.
460 2588 642 2634 Psellus
674 2605 720 2647 p.
754 2596 823 2636 70.

350 2729 391 2767 3.
425 2717 598 2782 οὕτως]
632 2739 693 2767 111.
727 2729 753 2767 2
779 2724 833 2767 V.
935 2724 1175 2797 ΑΕ1ΑΓ
1201 2741 1252 2780 φ.
1350 2728 1392 2770 4.
1424 2726 1532 2783 ΑΕ]
1566 2726 1653 2768 ΕΑ
1685 2740 1734 2780 φ.
1836 2723 1922 2782 τῇ]
1955 2723 1961 2731 ”

232 2781 380 2838 PBp;
406 2784 554 2839 γωνία
577 2782 634 2840 τῇ
659 2781 760 2828 FV.
870 2787 910 2827 5.
937 2778 1054 2827 ἄλλα
1076 2782 1127 2828 Ρ.
1233 2788 1273 2827 6.
1306 2783 1469 2842 ΒΑΔ]
1503 2786 1538 2826 Β
1572 2797 1713 2841 supra
1734 2797 1794 2826 m.
1823 2789 1846 2827 1
1871 2782 1923 2826 F.

233 2836 378 2898 ἕστινξ]
414 2854 503 2886 om.
529 2827 584 2887 ¹P.
707 2837 737 2897 ἡ
771 2841 853 2900 δέ]
888 2843 962 2898 ἴση
995 2840 1047 2887 δὲ
1072 2841 1154 2886 καὶ
1179 2837 1204 2886 r‘
1234 2842 1289 2887 V.
1411 2842 1576 2900 ΑΓΕ]
1605 2856 1745 2900 supra
1771 2845 1815 2886 Γ
1832 2854 1922 2886 ras.
1967 2887 1971 2891 ,

232 2901 304 2943 est
333 2899 384 2944 in
414 2901 476 2955 V;
511 2901 655 2944 ΑΕΓ
678 2901 728 2944 F.
853 2906 891 2947 7.
927 2898 1052 2946 ἐστιν
1086 2903 1180 2958 ἴση]
1213 2915 1301 2946 0111.
1326 2900 1381 2947 V.
1504 2901 1586 2946 καὶ.
1616 2897 1646 2958 ἡ
1671 2898 1766 2946 ὑπό
1793 2927 1848 2934 —-
1872 2905 1922 2944 8:
1986 2922 1988 2926 ⁴
