1988 3152
201 101 309 154 356
365 115 373 123 ·
827 101 1162 143 ΣΤοΙΧΕΙΩΝ
1192 97 1265 146 θ’.

202 223 431 275 δεικται·
472 220 613 289 λέγω
656 217 794 289 [δή],
835 216 929 274 ὅτι·
958 219 1050 272 καὶ
1092 221 1151 273 οἷ
1177 219 1363 274 λοιποὶ
1394 220 1593 284 πάντες
1623 219 1890 292 τετράγω-

199 313 298 364 νοί
331 312 488 363 εἰσιν.
559 307 675 362 ἐπεὶ
713 305 821 379 γὰρ
863 309 920 360 οὗ
956 314 1027 378 Α,
1060 313 1126 378 Β,
1157 312 1211 362 Γ
1243 307 1368 378 ἑξῆς
1406 306 1691 378 ἀνάλογόν
1731 312 1892 378 εἰσιν,

199 400 298 452 καί
332 398 481 451 ἐστιν
522 393 550 450 6
587 402 640 449 A
676 394 1040 466 τετράγωνος,
1079 395 1171 450 καὶ
1214 394 1242 451 6
1269 401 1323 451 Γ
1356 393 1507 467 [ἄρα]
1547 397 1892 466 τετράγωνος

198 487 364 540 ἐστιν.
441 483 634 553 πάλιν,
686 484 803 539 ἐπεὶ
854 483 990 552 [καὶ]
1041 486 1099 539 οἱ
1134 490 1207 554 Β,
1248 489 1310 554 Γ,
1352 491 1406 538 A
1446 485 1568 555 ἑξῆς
1607 482 1892 556 ἀνάλογόν

139 585 166 624 5
199 577 367 643 εἰσιν,
415 577 513 627 καί
556 573 707 628 ἐστιν
749 570 778 628 6
820 578 867 627 Β
906 574 1278 643 τετράγωνος,
1317 573 1408 627 καὶ
1450 570 1478 627 6
1523 579 1576 626 A
1618 571 1773 644 [ἄρα]
1813 595 1890 628 τε-

195 661 479 734 τράγωνός
518 662 684 716 ἐστιν.
749 658 953 732 ὁμοίως
993 659 1062 731 δὴ
1109 662 1388 732 δείξομεν,
1429 659 1513 716 ὅτι
1554 662 1645 716 καὶ
1686 665 1745 717 οί
1780 668 1891 717 λοι-

194 749 288 804 ποὶ
328 748 531 815 πάντες
569 748 912 820 τετράγωνοί
946 753 1104 805 εἰσιν.

302 835 463 892 Ἀλλά
515 838 584 908 δὴ
629 842 765 893 ἔστω
808 835 836 893 6
879 846 931 893 A
970 840 1160 909 κύβος·
1214 839 1382 909 λέγω,
1431 836 1522 893 ὅτι·
1555 838 1646 892 καὶ
1688 841 1746 894 οἱ
1780 844 1893 893 λοι-

194 926 289 981 ποὶ
327 925 530 992 πάντες
568 926 736 997 κύβοι
776 930 934 982 εἰσίν.

107 1027 162 1066 10
292 1013 407 1069 Ὅτι
447 1014 549 1086 μὲν
591 1008 698 1070 οὖν
739 1013 768 1070 6
812 1015 1068 1086 τέταρτος
1108 1012 1215 1071 ἀπὸ
1256 1018 1352 1086 τῆς
1382 1014 1627 1086 μονάδος
1659 1012 1687 1070 6
1722 1020 1774 1070 Γ
1799 1015 1892 1070 κύ-

192 1107 292 1173 βος
342 1103 455 1158 ἐστὶ
505 1104 596 1158 καὶ
650 1107 709 1159 οἱ
753 1103 858 1158 δύο
908 1107 1284 1168 διαλείποντες
1321 1104 1547 1174 πάντες,
1597 1104 1892 1159 δέδεικται·

192 1193 334 1261 λέγω
377 1190 514 1262 [δή],
556 1190 642 1247 ὅτι
680 1192 774 1247 καὶ
815 1194 873 1246 οἱ
908 1192 1094 1247 λοιποὶ
1136 1189 1338 1256 πάντες
1368 1192 1531 1262 κύβοι
1564 1196 1723 1249 εἰσίν.
1778 1193 1892 1247 ἐπεὶ

191 1279 298 1351 γάρ
339 1281 489 1334 ἐστιν
531 1279 606 1344 ὡς
645 1277 680 1349 ἡ
720 1279 894 1351 μονὰς
932 1279 1070 1353 πρὸς
1109 1279 1217 1335 τὸν
1256 1287 1332 1350 Α,
1376 1279 1550 1346 οὕτως
1591 1278 1620 1337 6
1664 1288 1715 1335 A
1754 1279 1894 1353 πρὸς

191 1366 292 1423 τὸν
325 1374 390 1438 Β,
432 1366 613 1433 ἰσάκις
652 1367 760 1439 ἄρα
798 1366 830 1439 ἡ
876 1367 1050 1440 μονὰς
1091 1367 1194 1424 τὸν
1219 1377 1271 1423 Α
1313 1380 1500 1441 μετρεῖ
1528 1370 1619 1424 καὶ
1653 1367 1682 1425 6
1710 1378 1762 1425 A
1793 1368 1893 1425 τὸν

111 1469 163 1509 15
196 1462 257 1512 Β.
321 1456 354 1527 ἡ
407 1456 468 1512 δὲ
517 1458 694 1526 μονὰς
740 1456 840 1512 τὸν
881 1467 932 1511 A
971 1468 1158 1529 μετρεῖ
1194 1456 1332 1512 κατὰ
1371 1459 1467 1523 τὰς
1506 1460 1566 1513 ἐν
1606 1456 1755 1534 αὐτῷ
1795 1480 1892 1529 μο-

192 1544 386 1610 νάδας·
448 1547 541 1600 καὶ
583 1546 611 1602 6
647 1553 699 1601 A
739 1544 846 1617 ἄρα
885 1543 985 1601 τὸν
1011 1552 1057 1600 Β
1102 1558 1289 1618 μετρεῖ
1323 1548 1460 1600 κατὰ
1498 1548 1594 1610 τὰς
1635 1549 1694 1602 ἐν
1735 1546 1884 1622 αὑτῷ

191 1633 460 1705 μονάδας·
527 1634 555 1689 6
612 1642 664 1688 A
718 1631 827 1706 ἄρα
882 1632 1085 1689 ἑαυτὸν
1143 1635 1633 1699 πολλαπλασιάσας
1684 1634 1784 1690 τὸν
1839 1641 1884 1689 Β

188 1726 502 1793 πεποίηκεν.
569 1726 667 1777 καί
703 1723 853 1777 ἐστιν
888 1722 916 1777 6
952 1730 1003 1777 A
1043 1721 1228 1793 κύβος.
1290 1722 1388 1777 ἐὰν
1430 1721 1491 1777 δὲ
1533 1721 1704 1793 κύβος
1735 1720 1893 1794 ἀριθ-

190 1810 292 1882 μὸς
342 1811 543 1866 ἑαυτὸν
590 1810 1076 1876 πολλαπλασιάσας
1123 1815 1256 1883 ποιῇ
1305 1834 1456 1882 τινα,
1509 1812 1538 1867 6
1591 1813 1891 1883 γενόμενος

102 1912 160 1951 20
191 1899 360 1970 κύβος
402 1901 571 1954 ἐστίν·
627 1899 719 1954 καὶ
761 1899 790 1955 6
826 1905 872 1954 Β
914 1898 1023 1972 ἄρα
1064 1899 1236 1970 κύβος
1277 1901 1439 1955 ἐστίν.
1494 1901 1587 1955 καὶ
1628 1901 1742 1956 ἐπεὶ
1774 1901 1890 1955 τέσ-

192 2005 357 2059 σαρες
403 1985 638 2058 ἀριθμοὶ
687 1990 744 2042 οἱ
789 1995 864 2057 Α,
905 1994 978 2058 Β,
1020 1993 1081 2058 Γ,
1125 1995 1179 2043 A
1230 1989 1354 2059 ἑξῆς
1401 1985 1683 2059 ἀνάλογόν
1733 1993 1892 2057 εἰσιν,

191 2082 288 2132 καί
318 2078 466 2132 ἐστιν
501 2075 529 2130 6
574 2083 626 2130 A
665 2075 855 2146 κύβος,
893 2076 986 2131 καὶ
1028 2076 1056 2132 6
1101 2084 1155 2131 A
1196 2075 1305 2148 ἄρα
1344 2076 1516 2147 κύβος
1557 2079 1721 2132 ἐστίν.
1799 2080 1890 2132 δια

190 2164 258 2220 τὰ
297 2163 435 2220 αὐτὰ
477 2166 545 2235 δὴ
588 2164 680 2219 καὶ
722 2164 750 2219 6
794 2171 845 2219 E
879 2163 1050 2235 κύβος
1091 2167 1258 2235 ἐστίν,
1302 2165 1394 2220 καὶ
1436 2164 1641 2235 ὁμοίως
1682 2168 1740 2220 οἱ
1774 2171 1888 2221 λοι-

138 2242 141 2243 ⁷
191 2253 287 2308 ποὶ
327 2252 528 2317 πάντες
566 2251 730 2323 κύβοι
772 2256 938 2308 εἰσίν·
996 2254 1130 2324 ὅπερ
1172 2257 1284 2309 ἔδει
1328 2256 1513 2320 δεῖξαι.

106 2437 164 2477 25
1016 2439 1074 2471 ι·

299 2515 442 2574 Ἐὰν
476 2516 597 2573 ἀπὸ
633 2519 925 2590 μονάδος
967 2518 1332 2574 ὁποσοιοῦν
1368 2516 1648 2590 ἀριθμοὶ
1694 2519 1886 2590 [ἑξῆς]

315 2701 353 2738 1.
387 2692 473 2752 δή]
508 2709 597 2741 om.
632 2696 679 2740 P.
773 2701 814 2740 2.
849 2694 988 2754 εἰσιν]
1024 2693 1143 2754 (alt.)
1179 2695 1267 2740 εἰσι
1299 2696 1402 2752 Vq).
1504 2702 1544 2740 3.
1578 2692 1887 2752 τετράγωνος·

198 2754 279 2799 καὶ
311 2750 335 2798 6
372 2757 415 2797 Γ
441 2753 565 2812 ἄρα]
598 2769 692 2811 mg.
727 2772 776 2810 φ.
870 2752 985 2814 ἄρα]
1021 2770 1108 2800 om.
1138 2756 1186 2801 Ρ.
1279 2759 1320 2799 4.
1358 2751 1508 2812 ἐστίν]
1543 2755 1578 2798 Ρ
1611 2757 1659 2799 et
1683 2755 1722 2799 V
1756 2755 1836 2799 sed
1866 2771 1893 2798 ν

198 2813 360 2868 delet.;
380 2809 476 2858 ἔστι
493 2830 542 2868 φ.
637 2814 747 2871 καί]
768 2828 856 2858 om.
877 2814 924 2859 P.
1020 2820 1058 2859 5.
1080 2814 1220 2872 εἰσιν]
1243 2831 1288 2858 -ν
1306 2814 1443 2858 delet.
1461 2813 1516 2857 V.
1612 2814 1679 2871 A]
1698 2827 1811 2860 eras.
1837 2814 1890 2857 V.

198 2869 316 2931 ἄρα]
352 2886 441 2918 om.
474 2873 523 2916 P.
648 2877 714 2916 12.
749 2870 837 2931 δὴ]
872 2887 959 2918 om.
994 2873 1042 2919 P.
1156 2879 1225 2917 15.
1260 2873 1323 2931 Β]
1358 2876 1393 2915 Β
1425 2878 1591 2930 μετρεῖ
1614 2873 1715 2929 ch.
1819 2869 1890 2930 ἐν]
