1988 3152
533 77 993 120 ELEMENTORUM
1023 77 1208 120 LIBER
1237 78 1314 121 VI.
1681 75 1785 128 181

85 201 120 258 L
154 198 331 249 ΒΗΓ
356 221 426 240 =
460 198 639 249 ΓΗΚ
671 221 740 239 --
772 199 957 249 ΚΗΛ
1000 195 1123 268 [III,
1158 197 1270 263 27].
1346 197 1531 266 itaque
1579 197 1791 265 quoties

85 286 371 354 multiplex
403 275 487 339 est
517 289 628 338 BA
660 303 816 339 arcus
849 287 967 355 ΒΓ,
997 285 1162 339 toties
1195 285 1478 356 mulssiplex
1512 287 1595 338 est
1626 285 1789 338 etiam

84 380 119 436 L
144 378 322 427 BHA
361 375 551 445 anguli
582 376 764 428 ΒΗΓ.
843 373 1030 428 eadem
1063 374 1127 427 de
1160 391 1322 427 causa
1354 374 1567 443 quoties
1606 373 1789 427 multi-

83 464 208 533 plex
265 467 349 517 est
393 467 515 516 NE
558 481 714 516 arcus
760 466 890 532 EZ,
942 462 1105 516 izoties
1154 462 1441 532 multiplex
1489 465 1574 516 est
1622 463 1789 518 etiam

82 557 118 614 L
150 555 326 605 ΝΘΕ
362 553 551 623 anguli
588 555 762 605 ΕΘΖ.
839 552 950 604 iam
991 552 1038 604 si
1078 554 1187 604 BA
1214 577 1284 594 =
1310 555 1448 621 EN,
1489 552 1592 605 erit
1625 552 1789 605 etiam

83 647 119 704 L
167 644 344 694 BHA
386 667 456 685 =
494 644 690 710 ΕΘΝ,
752 644 807 695 et
869 640 917 693 si
977 643 1089 693 BA
1142 648 1202 701 >
1256 644 1397 711 EN,
1448 641 1563 711 ,erit
1626 640 1789 694 etiam

84 736 119 793 L
159 733 427 792 BHA>
458 734 665 801 ΕΘΝ,
713 733 767 784 et
815 730 862 783 si
908 733 1025 783 BA
1057 737 1115 790 <
1145 730 1295 799 EN,
1344 730 1446 783 eris,

654 825 708 882 L
732 823 855 872 ΒΗ
857 823 908 872 A
933 827 991 880 <
1015 822 1202 872 ΕΘΝ.
1530 876 1534 879 .

85 926 214 978 ergo
263 909 404 962 datis
453 912 711 979 quattuor
758 909 1246 979 magnitudinibus,
1295 909 1504 962 duobus
1556 909 1788 962 arcubus

83 999 207 1067 ΒΓ,
237 1001 342 1051 ΕΖ
382 1003 435 1051 et
474 998 683 1051 duobus
724 999 939 1069 angulis
979 1000 1163 1069 ΒΗΓ,
1192 1001 1378 1068 ΕΘΖ,
1419 997 1625 1067 sumpti
1665 1000 1791 1051 sunt

83 1104 240 1139 arcus
294 1088 405 1139 ΒΓ
450 1090 504 1139 et
558 1087 744 1155 anguli
798 1089 974 1140 ΒΗΓ
1023 1105 1192 1156 aeque
1247 1086 1574 1156 multiplices
1633 1104 1787 1140 arcus

81 1178 190 1227 BA
245 1179 299 1228 et
354 1176 583 1246 angulus
638 1178 835 1245 BHA,
891 1194 1044 1229 arcus
1101 1179 1282 1229 autem
1329 1179 1434 1228 EZ
1490 1178 1544 1228 et
1599 1174 1790 1245 anguli

81 1267 243 1317 ΕΘΖ
285 1283 440 1318 arcus
479 1267 603 1317 EN
636 1268 691 1317 et
730 1265 960 1335 angulus
1000 1267 1189 1318 ΕΘΝ.
1268 1267 1321 1317 et
1353 1264 1788 1317 demonstratum

82 1356 186 1423 est,
234 1354 282 1407 si
321 1371 477 1406 arcus
517 1355 626 1406 BA
667 1371 852 1406 arcum
890 1356 1014 1406 EN
1047 1357 1289 1423 superet,
1336 1353 1502 1406 etiam
1542 1357 1577 1415 L
1608 1354 1787 1404 BHA

0 1503 2 1506 y
84 1443 344 1514 angulum
381 1445 561 1496 ΕΘΝ
595 1461 865 1512 superare,
905 1445 959 1496 el]
999 1443 1045 1496 si
1086 1443 1330 1513 aequalis
1373 1443 1460 1513 sit,
1501 1442 1786 1512 aequalem

0 1536 3 1537 ⁷
82 1551 221 1602 esse,
269 1535 323 1585 et
370 1532 417 1584 si
463 1531 667 1602 minor,
714 1533 994 1586 minorem.
1079 1533 1261 1602 itaque
1311 1531 1386 1601 [V
1432 1531 1534 1586 def.
1575 1530 1631 1598 5]
1683 1530 1787 1584 erit

0 1621 3 1698 ζ
82 1639 184 1674 arc.
225 1623 365 1674 BF:
392 1639 495 1674 are.
519 1624 624 1673 ΕΖ
650 1647 718 1664 =
746 1626 780 1684 L
805 1623 1010 1674 BHF:
1034 1625 1211 1674 ΕΘΖ.
1290 1621 1383 1675 sed

0 1705 6 1777 ζ
276 1715 311 1771 L
336 1712 539 1763 ΒΗΓ;
565 1713 725 1762 ΕΘΖ
751 1736 822 1753 =
848 1715 882 1772 L
907 1712 1108 1762 BAF:
1132 1713 1302 1763 ΕΛΖ
1344 1708 1433 1780 [V‚
1477 1709 1592 1778 15];

0 1814 4 1866 ξι
59 1818 209 1871 'nam
252 1804 479 1868 uterque
513 1804 740 1868 utroque
775 1799 940 1869 duplo
974 1799 1150 1852 maior
1175 1803 1258 1852 est
1293 1798 1412 1869 [HL
1437 1799 1550 1865 20].
1623 1817 1788 1868 quare

0 1885 7 1959 ζ
83 1890 246 1941 etiam

84 1995 189 2030 arc,
221 1980 369 2030 BF:
406 1996 509 2032 arc.
541 1981 647 2030 EZ
682 2003 751 2021 =
786 1984 820 2040 L
854 1981 1059 2030 BHF:
1084 1981 1245 2030 ΕΘΖ
1272 2003 1340 2021 =
1366 1980 1542 2030 ΒΑΓ
1567 1997 1577 2029 :
1602 1980 1787 2030 EAZ.

147 2187 216 2226 11.
253 2178 455 2227 ἐλάττων
491 2180 695 2228 ἐλάττων
726 2183 775 2230 F.
872 2188 940 2228 12.
975 2182 1090 2242 μέν]
1127 2198 1268 2242 supra
1297 2184 1347 2229 F.
1440 2182 1525 2242 δέ]
1560 2196 1701 2240 supra
1732 2181 1785 2226 F.

4 2236 13 2294 ¹,
86 2246 153 2286 13.
189 2243 331 2286 ΕΘΖ
397 2244 530 2287 ΘΕΖ
560 2243 611 2288 F.
737 2248 807 2289 17.
840 2244 1007 2300 γωνία]
1040 2243 1146 2288 add.
1171 2259 1232 2289 m.
1259 2249 1285 2289 2
1309 2243 1359 2288 F.
1483 2247 1555 2287 20.
1586 2241 1785 2300 γωνίας]

7 2318 11 2323 ·
81 2301 141 2354 Ρ;
175 2315 262 2347 om.
298 2302 335 2346 T
374 2316 462 2347 eon
495 2301 719 2360 (BFVp).
784 2297 987 2347 ἐλάττων
1011 2303 1060 2348 F.
1185 2308 1256 2348 21.
1291 2299 1519 2361 ἐλάσσων]
1553 2316 1704 2359 comp.
1732 2300 1783 2344 F.

82 2355 143 2419 ἡ]
177 2374 265 2407 om.
299 2361 355 2407 V.
477 2367 548 2407 22.
583 2362 753 2421 ΒΗΓ]
789 2365 833 2406 Γ
867 2362 971 2408 add.
1005 2378 1065 2406 m.
1100 2369 1125 2407 2
1159 2363 1215 2409 V.
1338 2368 1408 2408 24.
1442 2363 1701 2407 διπλασίων
1726 2359 1785 2404 V.

83 2423 222 2536 suga
243 2418 333 2524 ζὲἷρ
349 2417 500 2525 1ἕοῬτιν
539 2423 632 2480 Bp.
772 2427 842 2466 27.
876 2418 971 2466 ὑπὸ
1006 2423 1174 2482 ΕΘΖ]
1209 2423 1349 2468 ΕΘΖ
1380 2422 1430 2467 Ρ.
1577 2417 1696 2479 ὑπό]
1731 2415 1785 2464 ὖ-
