1988 3152
223 96 329 149 388
852 97 1188 139 ΣΤΟΙΧΕΙΩΝ
1218 93 1291 141 θ’.

220 213 395 270 νατόν
443 215 557 269 ε’στι
603 224 720 279 τοῖς
772 219 851 283 Α,
884 220 957 283 Β,
990 219 1043 269 Γ
1088 215 1353 285 τέταρτον
1406 213 1690 285 ἀνάλογον
1744 231 1914 286 προσ-

222 314 408 374 ευρεῖν
447 301 716 374 ἀριθμόν.
793 306 845 357 εἰ
880 302 989 375 γὰρ
1031 303 1296 373 δυνατόν,
1335 302 1746 376 προσευρήσθω
1780 303 1809 358 6
1845 309 1915 357 Ε·

223 392 253 447 6
296 391 407 460 ἄρα
447 391 506 446 ἐκ
543 394 657 446 τῶν
697 398 766 461 A,
798 396 852 445 Ε
888 399 1008 457 ἴσος
1048 393 1162 448 ἐστὶ
1200 395 1277 468 τῷ
1312 393 1370 447 ἐκ
1401 395 1512 447 τῶν
1545 399 1611 462 Β,
1643 397 1702 447 Γ.
1774 390 1914 447 ἀλλὰ

225 479 254 535 6
303 482 362 535 ἐκ
411 482 522 534 τῶν
569 485 642 549 Β,
674 485 727 535 Γ
769 482 920 536 ἐστιν
960 481 989 536 6
1034 488 1108 536 A·
1156 481 1249 536 καὶ
1289 481 1319 536 6
1359 483 1420 536 ἐκ
1458 484 1570 537 τῶν
1609 489 1686 550 A,
1719 487 1771 536 Ε
1808 478 1917 552 ἄρα

164 577 190 616 5
223 574 343 632 ἴσος
399 568 513 623 ε’στὶ
566 571 642 644 τῷ
693 575 761 626 A.
838 569 867 625 6
925 577 977 624 A
1031 568 1141 642 ἄρα
1186 569 1287 625 τὸν
1339 576 1391 624 Ε
1432 571 1918 635 πολλαπλασιάσας

221 654 323 712 τὸν
371 662 427 711 A
474 662 794 728 πεποίηκεν·
842 658 872 714 6
921 665 974 712 A
1021 658 1129 731 ἄρα
1177 658 1277 715 τὸν
1320 665 1374 713 A
1421 670 1609 730 μετρεῖ
1643 657 1781 713 κατὰ
1818 656 1918 713 τὸν

222 751 292 799 Ε·
348 743 488 800 ὥστε
542 757 731 818 μετρεῖ
781 747 811 802 6
867 755 920 802 A
974 747 1076 803 τὸν
1125 754 1195 803 A.
1266 746 1406 803 ἀλλὰ
1453 747 1545 802 καὶ
1594 745 1662 802 οὐ
1715 757 1919 818 μετρεῖ·

224 833 360 906 ὅπερ
393 832 622 890 ἄτοπον.
686 832 789 890 οὐκ
820 834 932 907 ἄρα
972 830 1219 892 δυνατόν
1261 839 1376 892 ἐστι
1414 848 1531 902 τοῖς
1563 843 1629 907 A,
1660 841 1727 906 Β,
1760 839 1814 890 Γ
1839 836 1919 890 τέ-

222 944 426 993 ταρτον
465 921 751 994 ἀνάλογον
790 936 1125 996 προσευρεῖν
1165 923 1441 998 ἀριθμόν,
1482 925 1619 980 ὅταν
1658 923 1688 979 6
1730 931 1783 978 A
1819 922 1922 978 τὸν

135 1019 194 1060 10
227 1017 282 1066 A
320 1009 394 1083 μὴ
436 1016 622 1085 μετρῇ.
701 1011 843 1068 ἀλλὰ
886 1013 955 1085 δὴ
1000 1017 1059 1070 οἰ
1093 1022 1172 1085 Α,
1205 1020 1278 1084 Β,
1313 1019 1366 1069 Γ
1405 1013 1540 1086 μήτε
1587 1014 1709 1084 ἑξῆς
1756 1017 1921 1068 ἔστω-

225 1116 331 1156 σαν
371 1099 660 1172 ἀνάλογον
707 1103 841 1173 μήτε
890 1105 949 1158 οἱ
993 1105 1155 1175 ἄκροι
1192 1107 1403 1176 πρῶτοι
1442 1102 1583 1176 πρὸς
1629 1100 1921 1172 ἀλλήλους.

222 1188 315 1244 καὶ
349 1188 379 1245 6
414 1195 461 1245 Β
492 1188 594 1245 τὸν
618 1193 1178 1257 Γπολλαπλασιοῖσας
1200 1191 1299 1249 τὸν
1325 1199 1380 1248 A
1411 1196 1650 1247 ποιείτω.
1714 1190 1922 1262 ὁμοίως

225 1276 295 1348 δὴ
338 1277 722 1350 δειχθήσεται,
764 1278 850 1335 ὅτι
889 1284 940 1336 εἰ
977 1282 1079 1353 μὲν
1120 1293 1308 1355 μετρεῖ
1345 1281 1374 1337 6
1418 1288 1470 1335 A
1506 1278 1606 1336 τὸν
1639 1286 1711 1351 A,
1754 1282 1922 1334 δυνα-

222 1365 323 1422 τόν
363 1369 514 1422 ἐστιν
554 1366 745 1434 αὐτοῖς
783 1367 1068 1440 ἀνάλογον
1107 1381 1467 1443 προσευρεῖν,
1517 1372 1568 1424 εἰ
1614 1368 1675 1424 δὲ
1716 1365 1784 1424 οὐ
1831 1389 1922 1439 με-

138 1463 193 1503 15
226 1465 370 1526 τρεῖ,
411 1453 718 1512 ἆδύνατον·
762 1455 897 1529 ὅπερ
939 1463 1051 1516 ἔδει
1092 1462 1281 1527 δεῖξαι.

1036 1629 1069 1662 κ
1095 1652 1106 1664 .

337 1695 418 1748 Oc
451 1697 699 1765 πρῶτοι
740 1693 1025 1767 ἀριθμοὶ
1057 1702 1329 1760 πλείους
1362 1696 1489 1751 εἰσὶ
1525 1692 1771 1758 παντὸς
1801 1695 1918 1748 τοῦ

224 1783 663 1854 προτεθέντος
701 1784 1006 1855 πλήθους
1044 1786 1320 1857 πρώτων
1361 1781 1685 1856 ἀριθμῶν.

322 1869 615 1928 ’Έστωσαν
670 1876 729 1929 οἱ
778 1875 1148 1946 προτεθέντες
1192 1877 1403 1947 πρῶτοι
1459 1871 1693 1944 ἀριθμοὶ
1751 1873 1808 1926 οἱ
1852 1876 1922 1939 Α,

135 1981 194 2022 20
226 1965 297 2030 Β,
329 1964 396 2015 Γ·
452 1961 619 2032 λέγω,
676 1961 762 2017 ὅτι
807 1965 920 2018 τῶν
967 1970 1046 2032 Α,
1078 1969 1150 2033 Β,
1184 1968 1236 2018 Γ
1282 1966 1508 2027 πλείους
1556 1961 1663 2016 εἰσὶ
1709 1962 1921 2031 πρῶτοι

227 2046 478 2121 ἀριθμοί.

338 2140 616 2211 Εἰλήφθω
664 2139 770 2212 γὰρ
821 2140 849 2196 6
892 2139 1003 2196 ὑπὸ
1045 2143 1158 2196 τῶν
1199 2148 1276 2210 Α,
1309 2145 1382 2209 Β,
1416 2143 1469 2194 Γ
1508 2138 1791 2211 ἐλάχιστος
1837 2158 1924 2207 με·

226 2227 533 2298 τρούμενος
578 2228 670 2283 καὶ
712 2232 849 2284 ἔστω
891 2229 920 2284 6
964 2235 1101 2299 AE,
1144 2229 1236 2283 καὶ
1275 2232 1635 2301 προσκείσθω
1686 2230 1761 2303 τῷ
1813 2231 1929 2280 AE

228 2314 402 2386 μονὰς
453 2315 485 2387 ἡ
538 2305 662 2373 ᾸΖ.
740 2317 770 2373 6
829 2315 899 2389 δὴ
953 2323 1058 2372 ΕΖ
1112 2318 1236 2389 ἤτοι
1283 2316 1504 2389 πρῶτός
1552 2318 1701 2371 ἐστιν
1758 2311 1790 2385 ἢ
1840 2311 1922 2369 οὔ.

350 2469 388 2507 1.
423 2458 547 2507 ἔστιν
578 2466 627 2510 P.
735 2470 776 2509 2.
809 2462 1157 2538 προσηυρήσθω
1189 2465 1290 2510 FV.
1396 2469 1436 2509 3.
1469 2459 1571 2507 ἀλλ’
1606 2462 1756 2507 BFV.
1849 2466 1917 2506 10.

230 2519 321 2594 μή]
363 2536 504 2578 supra
542 2539 603 2569 m.
645 2529 667 2567 1
709 2524 768 2594 F,
808 2522 864 2569 οὐ
905 2539 1047 2582 supra
1082 2539 1144 2570 m.
1185 2529 1211 2568 2
1244 2525 1301 2569 V.
1363 2518 1581 2594 μετρήσῃ
1597 2523 1655 2578 F,
1689 2526 1855 2595 μετρεῖ
1881 2535 1927 2576 q.

229 2577 346 2626 ἀλλὰ
371 2580 430 2639 δή
457 2608 512 2615 --
541 2587 616 2627 15:
650 2579 916 2655 ἀδύνατον]
943 2599 1035 2629 om.
1060 2584 1202 2640 BVq.
1299 2589 1367 2628 10.
1395 2579 1503 2654 δή]
1521 2579 1634 2639 μήτε
1660 2581 1709 2625 F.
1797 2578 1925 2637 εξῆς]

232 2638 280 2687 οἷ
309 2599 430 2698 ἑξῆς
446 2641 497 2687 F.
622 2647 690 2686 12.
722 2641 900 2714 ποιήτω
934 2660 969 2700 φ
1004 2646 1116 2700 (non
1146 2644 1216 2700 F).
1339 2647 1408 2687 14.
1442 2637 1630 2699 αὐτοῖς]
1665 2635 1827 2690 αὐτοῖς
1857 2655 1926 2683 τε·

230 2717 416 2756 ταρτοις
447 2700 496 2746 F.
621 2700 667 2746 εἰ
696 2701 780 2760 δέ]
816 2699 925 2747 οὐδ’
960 2703 1010 2749 F.
1137 2707 1204 2746 15.
1240 2717 1355 2758 οπερ
1389 2699 1488 2746 ἔδει
1520 2701 1692 2771 δεῖξαι]
1720 2714 1808 2744 om.
1834 2698 1926 2756 Bq.

237 2765 306 2804 17.
346 2761 527 2818 πρῶτοι
568 2757 796 2819 ἀριθμοί]
839 2762 928 2806 del.
970 2764 1019 2807 eb
1058 2775 1199 2818 supra
1238 2775 1323 2807 scr.
1363 2757 1559 2817 πρώτων
1602 2756 1823 2818 αριθμῶν
1867 2773 1927 2802 m.

234 2821 350 2937 ἓξ]
383 2825 534 2923 AZ18F
560 2821 905 2877 προστεθέντος
935 2822 984 2866 F.
1087 2826 1158 2865 23.
1191 2821 1299 2879 καί]
1333 2835 1393 2864 m.
1427 2825 1452 2864 2
1487 2820 1544 2877 Β,
1577 2834 1666 2864 om.
1699 2819 1754 2864 V.
1856 2823 1927 2862 24.
