1988 3152
1006 675 1095 735 θ’.

1015 814 1088 870 α’.

309 919 455 975 Ἐὰν
512 919 630 976 δύο
691 919 915 991 ὅμοιοι
972 921 1277 974 ἐπίπεδοι
1326 915 1606 989 ἀριθμοὶ
1659 922 1898 971 πολλα-

204 1008 691 1074 πλασιάσαντες
723 1005 1054 1078 ἀλλήλους
1084 1009 1329 1062 ποιῶσί
1362 1027 1534 1075 τινα,
1567 1003 1596 1060 ὁ
1631 1003 1900 1075 γενόμε-

205 1121 319 1164 νος
357 1099 770 1168 τετράγωνος
813 1101 1005 1151 ἔσται.

146 1198 173 1237 5
302 1185 594 1242 ’Ἐστωσαν
651 1184 754 1240 δύο
808 1182 993 1256 ὅμοιοι
1042 1186 1293 1239 ἐπίπεδοι
1341 1180 1575 1255 ἀριθμοὶ
1624 1185 1681 1237 οἱ
1715 1189 1792 1251 A,
1834 1187 1900 1251 Β,

207 1275 300 1330 καὶ
340 1272 370 1330 ὃ
402 1282 455 1330 A
492 1274 594 1330 τὸν
625 1280 673 1329 Β
712 1271 1201 1337 πολλαπλασιάσας
1238 1269 1338 1327 τὸν
1371 1275 1424 1326 Γ
1454 1275 1700 1327 ποιείτω·
1742 1271 1901 1342 λέγω,

209 1361 289 1419 ὅτι
333 1361 363 1418 ὁ
403 1368 458 1419 Γ
487 1361 836 1436 τετράγωνός
876 1363 1041 1418 ἐστιν.

311 1449 372 1505 Ὁ
416 1449 523 1524 γὰρ
567 1459 617 1506 A
649 1448 852 1506 ἑαυτὸν
890 1447 1382 1513 πολλαπλασιάσας
1420 1446 1519 1503 τὸν
1561 1455 1616 1503 A
1663 1453 1902 1504 ποιείτω.

209 1537 238 1595 ὃ
287 1546 343 1595 A
393 1538 504 1612 ἄρα
553 1538 901 1611 τετράγωνός
952 1540 1118 1594 ἐστιν.
1197 1538 1313 1593 ἐπεὶ
1366 1529 1471 1592 οὖν
1523 1533 1552 1591 ὁ
1600 1543 1652 1590 Α
1702 1534 1903 1592 ἑαυτὸν

120 1648 176 1688 10
210 1628 311 1700 μὲν
350 1627 841 1693 πολλαπλασιάσας
878 1626 978 1683 τὸν
1011 1634 1067 1682 A
1104 1631 1422 1697 πεποίηκεν,
1461 1624 1562 1680 τὸν
1603 1625 1665 1680 δὲ
1697 1631 1744 1680 Β
1776 1631 1904 1680 πολ·

210 1716 592 1782 λαπλασιάσας
645 1715 746 1772 τὸν
794 1722 848 1771 Γ
893 1720 1219 1786 πεποίηκεν,
1277 1718 1426 1770 ἔστιν
1482 1711 1592 1785 ἄρα
1648 1711 1721 1778 ὡς
1776 1711 1806 1768 ὅ
1854 1721 1906 1767 A

210 1804 350 1878 πρὸς
386 1804 486 1861 τὸν
519 1811 585 1876 Β,
631 1805 808 1870 οὕτως
848 1803 877 1860 ὁ
919 1811 975 1859 A
1015 1803 1156 1877 πρὸς
1192 1804 1295 1859 τὸν
1331 1809 1391 1859 Γ.
1453 1803 1546 1858 καὶ
1587 1803 1702 1858 ἐπεὶ
1743 1804 1801 1857 οἱ
1835 1809 1906 1871 A,

212 1901 260 1950 Β
309 1892 496 1965 ὅμοιοι
544 1895 798 1948 ἐπίπεδοί
833 1897 976 1948 εἰσιν
1016 1890 1277 1965 ἀριθμοί,
1323 1894 1436 1947 τῶν
1475 1898 1554 1961 A,
1594 1897 1641 1946 Β
1681 1888 1791 1962 ἄρα
1831 1885 1910 1954 εἷς

213 1984 376 2055 μέσος
416 1981 701 2053 ἀνάλογον
742 1984 990 2053 ἐμπίπτει
1030 1979 1287 2054 ἀριθμός.
1358 1978 1456 2035 ἐὰν
1498 1978 1560 2034 δὲ
1600 1978 1704 2034 δύο
1744 1975 1905 2050 ἀριθ-

123 2090 178 2130 15
212 2075 333 2143 μῶν
387 2069 590 2141 μεταξὺ
641 2068 778 2126 κατὰ
834 2068 896 2125 τὸ
954 2069 1181 2141 συνεχὲς
1233 2067 1518 2138 ἀνάλογον
1567 2069 1906 2139 ἐμπίπτωσιν

213 2158 467 2233 ἀριθμοί,
510 2157 634 2215 ὅσοι
674 2162 751 2224 είς
783 2156 990 2223 αὐτοὺς
1023 2160 1376 2229 ἐμπίπτουσι,
1414 2158 1676 2212 τοσοῦτοι
1706 2155 1799 2210 καὶ
1831 2158 1909 2221 εἰς

212 2247 342 2313 τοὺς
379 2246 480 2302 τὸν
521 2245 697 2302 αὐτὸν
737 2245 910 2317 λόγον
950 2250 1195 2317 ἔχοντας·
1275 2243 1415 2301 ὥστε
1452 2244 1545 2299 καὶ
1583 2247 1698 2299 τῶν
1740 2250 1821 2314 A,
1862 2248 1916 2298 Γ
1947 2278 1953 2281 -

213 2332 292 2402 εἷς
344 2336 509 2406 μέσος
563 2333 849 2405 ἀνάλογον
898 2335 1146 2405 ἐμπίπτει
1197 2331 1455 2406 ἀριθμός.
1523 2336 1620 2386 καί
1667 2333 1780 2387 ἐστι
1825 2353 1909 2387 τε-

211 2424 497 2497 τράγωνος
536 2420 566 2478 ὁ
609 2430 682 2477 A·
751 2420 1096 2494 τετράγωνος
1135 2419 1246 2494 ἄρα
1285 2420 1377 2475 καὶ
1418 2417 1447 2475 ὃ
1489 2424 1554 2474 Γ·
1619 2418 1754 2491 ὅπερ
1795 2423 1908 2475 ἔδει

119 2533 183 2572 ⁴20
216 2513 407 2579 δεῖξαι.

332 2657 420 2719 θ’]
462 2674 575 2704 corr.
620 2673 674 2703 ex
714 2657 764 2716 η’
798 2660 852 2704 V.
916 2659 1031 2703 Post
1070 2658 1285 2713 fistulam,
1325 2658 1433 2700 ante
1473 2670 1602 2713 prop.
1637 2656 1658 2698 I
1687 2655 1736 2700 in
1776 2657 1910 2700 textu

218 2719 449 2764 scholium
480 2719 658 2763 habent.
689 2719 801 2775 ch,
833 2734 876 2763 u.
911 2732 1017 2775 app.
1172 2722 1212 2762 9.
1255 2713 1359 2762 ἐπεὶ
1398 2708 1514 2774 οὖν]
1556 2715 1638 2760 καὶ
1671 2711 1782 2759 ἐπεί
1806 2715 1907 2770 Vq).

221 2785 290 2824 10.
323 2778 439 2836 μέν]
474 2792 562 2822 om.
595 2776 646 2821 B.
802 2778 872 2835 A]
904 2777 954 2821 in
984 2791 1072 2822 ras.
1106 2776 1156 2821 P.
1219 2776 1446 2831 πεποίηκε
1479 2775 1582 2831 qu.
1739 2779 1806 2818 11.
1842 2773 1907 2831 Γ]

217 2838 269 2883 in
290 2851 381 2882 ras.
405 2838 455 2882 P.
552 2841 621 2881 14.
654 2835 738 2895 δέ]
765 2849 907 2893 supra
928 2851 990 2880 m.
1016 2841 1042 2880 2
1070 2835 1124 2879 V.
1187 2831 1362 2892 μεταξύ
1395 2830 1616 2892 ἀριθμῶν
1639 2833 1740 2890 Vq).
1836 2837 1905 2876 16.

220 2892 439 2955 ἀριθμοί,
484 2891 586 2940 ὅσοι
627 2894 695 2946 εἰς
736 2891 911 2946 αὐτοὺς
950 2891 1259 2953 ἐμπίπτουσι]
1308 2907 1402 2950 mg.
1442 2908 1503 2938 m.
1558 2897 1584 2937 2
1624 2892 1676 2937 B.
1841 2895 1907 2935 17.
