1988 3152
143 1009 196 1048 10

146 1452 198 1492 15

145 1876 262 1935 20'

223 83 332 137 376
853 84 1188 128 ΣΤΟΙΧΕΙῼΝ
1217 82 1292 129 θ’.

223 206 336 258 τῶν
385 209 524 271 ΔΕ,
563 207 661 256 ΕΖ
706 200 928 273 πρῶτός
973 202 1136 258 ἐστιν.
1215 199 1355 257 ἀλλὰ
1412 201 1522 274 μὴν
1575 203 1667 258 καὶ
1724 201 1752 259 6
1802 207 1914 258 ΔΕ

223 289 363 362 πρὸς
406 289 508 345 τὸν
559 296 663 346 ΕΖ
709 290 926 363 πρῶτός
973 291 1144 346 ἐστιν·
1193 293 1251 345 oc
1293 298 1428 360 ΔΖ,
1463 298 1578 346 ΔΕ
1622 291 1730 365 ἄρα
1777 289 1910 363 πρὸς

224 379 326 434 τὸν
365 385 470 434 ΕΖ
508 381 723 449 πρῶτοί
751 381 908 434 εἰσιν.
979 378 1078 434 ἐὰν
1118 378 1180 435 δὲ
1220 378 1324 434 δύο
1359 378 1592 451 ἀριθμοὶ
1624 380 1761 453 πρός
1792 402 1911 434 τινα
1983 446 1985 451 Ι

227 464 476 538 ἀριθμὸν
530 471 740 540 πρῶτοι
796 459 962 538 ὦσιν,
1015 468 1108 523 καὶ
1163 466 1193 524 6
1260 470 1314 534 ἐξ
1370 467 1557 524 αὐτῶν
1618 470 1915 540 γενόμενος

226 554 364 627 πρὸς
409 554 508 611 τὸν
555 553 754 611 λοιπὸν
800 555 1016 628 πρῶτός
1062 559 1234 614 ἐστιν·
1283 556 1422 613 ὥστε
1469 556 1498 613 ὁ
1539 560 1596 613 ἐκ
1635 562 1747 613 τῶν
1785 562 1912 626 ΖΛ,
1985 608 1988 611 .

228 650 344 699 ΔΕ
379 642 517 716 πρὸς
554 642 653 700 τὸν
695 651 798 700 ΕΖ
836 645 1052 716 πρῶτός
1091 648 1262 701 ἐστιν·
1312 644 1452 701 ὥστε
1489 646 1581 701 καὶ
1623 644 1652 701 6
1702 649 1755 702 ἐκ
1801 648 1914 700 τῶν

228 739 363 804 ΖΔ,
398 739 453 787 A
465 739 515 788 E
549 732 686 804 πρὸς
724 731 825 788 τὸν
865 731 974 788 ἀπὸ
1011 737 1114 788 τοῦ
1159 739 1258 788 ΕΖ
1297 734 1514 806 πρῶτός
1564 736 1722 790 ἐστιν.
1789 731 1914 802 [ἐὰν

226 819 333 894 γὰρ
382 820 486 876 δύο
533 821 770 893 ἀριθμοὶ
817 825 1027 894 πρῶτοι
1072 820 1212 894 πρὸς
1259 820 1535 893 ἀλλήλους
1575 817 1737 892 ὦσιν,
1787 819 1816 877 6
1859 823 1918 877 ἐκ

226 918 327 966 τοῦ
375 909 501 975 ἑνὸς
547 908 736 966 αὐτῶν
783 910 1084 982 γενόμενος
1129 908 1268 982 πρὸς
1312 909 1411 968 τὸν
1457 910 1657 967 λοιπὸν
1702 909 1921 983 πρῶτός

230 1002 418 1068 ἐστιν]
498 997 619 1054 ἀλλ’
665 997 695 1054 6
736 1001 794 1054 ἐκ
832 1003 945 1055 τῶν
986 1005 1123 1070 ΖΔ,
1158 1006 1274 1055 ΔΕ
1310 999 1339 1056 6
1381 999 1490 1056 ἀπὸ
1529 1004 1628 1056 τοῦ
1661 1005 1776 1055 ΔΕ
1806 1001 1919 1054 ἐστι

229 1086 362 1160 μετὰ
404 1091 506 1143 τοῦ
546 1090 605 1143 ἐκ
643 1091 757 1143 τῶν
799 1094 938 1158 ΔΕ,
971 1093 1096 1143 ΕΖ·
1138 1086 1166 1144 6
1209 1087 1319 1160 ἄρα
1358 1086 1465 1144 ἀπὸ
1506 1092 1605 1144 τοῦ
1641 1095 1756 1143 ΛΕ
1785 1085 1917 1158 μετὰ

228 1179 331 1232 τοῦ
371 1177 430 1232 ἐκ
468 1179 582 1232 τῶν
622 1182 755 1247 ΔΕ,
790 1183 892 1231 ΕΖ
938 1175 1079 1248 πρὸς
1115 1174 1215 1233 τὸν
1256 1174 1363 1233 ἀπὸ
1405 1181 1505 1234 τοῦ
1553 1184 1655 1233 ΕΖ
1705 1175 1922 1247 πρῶτός

231 1267 395 1322 ἐστιν.
471 1270 568 1321 καί
612 1267 762 1321 ἐστιν
809 1263 837 1321 6
887 1265 989 1336 μὲν
1036 1264 1144 1321 ἀπὸ
1193 1273 1293 1322 τοῦ
1335 1273 1453 1321 ΔΕ
1490 1265 1519 1322 6
1560 1274 1637 1335 A,
1689 1263 1718 1320 6
1761 1263 1822 1319 δὲ
1863 1265 1921 1319 ἐκ

230 1357 343 1410 τῶν
385 1360 521 1424 ΔΕ,
554 1359 659 1409 ΕΖ
699 1351 728 1410 6
770 1360 842 1424 Β,
884 1352 912 1410 6
957 1354 1018 1410 δὲ
1059 1353 1166 1411 ἀπὸ
1208 1359 1310 1435 tofi
1344 1362 1447 1410 ΕΖ
1487 1353 1517 1410 6
1557 1360 1626 1410 Γ·
1674 1355 1731 1408 οἱ
1766 1360 1841 1423 Α,
1875 1358 1921 1406 Β

230 1440 341 1514 ἄρα
388 1444 752 1508 συντεθέντες
796 1442 936 1515 πρὸς
980 1443 1082 1499 τὸν
1129 1450 1182 1500 Γ
1221 1447 1437 1516 πρῶτοί
1483 1448 1639 1499 εἰσιν.
1718 1439 1925 1512 ὁμοίως

233 1529 302 1602 δὴ
359 1532 638 1602 δείξομεν,
694 1529 779 1587 ὅτι
832 1532 925 1586 καὶ
975 1534 1032 1587 οἰ
1072 1539 1148 1603 Β,
1181 1539 1233 1588 Γ
1280 1530 1417 1605 πρὸς
1470 1532 1570 1587 τὸν
1618 1538 1670 1586 Α
1716 1533 1930 1600 πρῶτοί

232 1622 391 1675 εἰσιν.
466 1620 607 1690 λέγω
650 1619 738 1691 δή,
781 1618 865 1675 ὅτι
905 1621 996 1675 καὶ
1038 1623 1096 1676 οἰ
1131 1628 1203 1691 Α,
1236 1626 1288 1676 Γ
1320 1620 1459 1692 πρὸς
1495 1618 1597 1675 τὸν
1629 1625 1676 1674 Β
1716 1621 1932 1690 πρῶτοί

233 1711 391 1764 εἰσιν.
470 1707 585 1763 ἐπεὶ
623 1707 732 1781 γὰρ
775 1706 804 1764 6
847 1716 958 1764 AZ
997 1708 1137 1782 πρὸς
1176 1709 1439 1781 ἑκάτερον
1485 1712 1598 1764 τῶν
1651 1714 1790 1778 ΔΕ,
1825 1711 1927 1760 ΕΖ

231 1796 453 1868 πρῶτός
499 1799 676 1868 ἐστιν,
724 1798 815 1853 καὶ
866 1795 894 1854 6
945 1796 1052 1854 ἀπὸ
1101 1801 1203 1853 τοῦ
1246 1803 1355 1852 ΔΖ
1394 1795 1533 1868 πρὸς
1570 1795 1670 1852 τὸν
1711 1798 1769 1851 ἐκ
1815 1799 1928 1850 τῶν

237 1891 375 1956 ΔΕ,
409 1891 511 1940 ΕΖ
551 1886 768 1958 πρῶτός
809 1888 973 1942 ἐστιν.
1051 1883 1193 1942 ἀλλὰ
1232 1889 1308 1962 τῷ
1349 1885 1459 1941 ἀπὸ
1500 1889 1602 1940 τοῦ
1655 1891 1764 1939 ΛΖ
1814 1891 1926 1939 ἴσοι

235 1973 379 2030 εἰσὶν
421 1976 479 2030 oc
513 1971 621 2030 ἀπὸ
661 1978 775 2031 τῶν
816 1982 947 2046 ΔΕ,
982 1980 1086 2030 ΕΖ
1127 1973 1260 2046 μετὰ
1292 1978 1393 2030 τοῦ
1428 1974 1514 2039 δὶς
1548 1975 1604 2028 ἐκ
1644 1977 1758 2029 τῶν
1798 1979 1931 2042 ΔΕ,

235 2068 360 2117 ΕΖ·
415 2062 507 2117 καὶ
564 2066 622 2119 οῖ
673 2062 782 2119 ἀπὸ
839 2067 953 2119 τῶν
1010 2069 1150 2133 ΔΕ,
1184 2069 1289 2118 ΕΖ
1344 2061 1451 2135 ἄρα
1508 2060 1641 2133 μετὰ
1687 2064 1790 2116 τοῦ
1846 2060 1934 2126 δὶς

235 2149 344 2207 ὑπὸ
385 2155 498 2208 τῶν
540 2158 679 2222 ΔΕ,
714 2159 817 2207 ΕΖ
856 2151 995 2224 πρὸς
1033 2150 1133 2207 τὸν
1172 2149 1281 2207 ὑπὸ
1322 2154 1435 2207 τῶν
1479 2157 1607 2220 ΔΕ,
1639 2156 1744 2205 ΕΖ
1790 2151 1934 2221 πρῶ-

236 2244 328 2295 τοί
374 2243 544 2308 [εἰσι].
623 2240 865 2297 διελόντι
915 2243 973 2296 οἱ
1015 2239 1125 2296 ἀπὸ
1173 2242 1288 2296 τῶν
1329 2245 1467 2309 ΔΕ,
1501 2245 1605 2294 ΕΖ
1651 2236 1782 2310 μετὰ
1832 2239 1933 2292 τοῦ

359 2451 399 2490 2.
425 2447 604 2500 πρῶτοί
624 2445 713 2491 εἰσι
737 2443 853 2503 πρὸς
877 2443 960 2490 τὸν
985 2448 1074 2490 ΕΖ
1100 2446 1190 2502 ch
1267 2441 1385 2501 πρὸς
1407 2441 1491 2488 τὸν
1516 2443 1620 2501 ΕΖ]
1641 2457 1728 2488 om.
1750 2444 1798 2487 B.
1893 2449 1932 2489 3.

239 2503 389 2560 εἰσιᾳ.
455 2502 542 2551 ἐὰν
566 2504 763 2550 δέ-ὃε
791 2502 973 2561 πρῶτός
998 2462 1190 2564 ἐστιν]φ
1163 2519 1251 2549 om.
1270 2503 1429 2548 Theon
1448 2502 1673 2560 (BVzpq).
1738 2507 1776 2546 5.
1797 2498 1935 2574 ὥστε]

239 2565 326 2609 καί
359 2563 521 2609 Theon
545 2565 769 2623 (Bthq)
851 2565 963 2635 ΖΔ]
998 2568 1176 2620 AZcpq
1209 2562 1326 2608 etin
1350 2577 1447 2633 fas,
1473 2563 1527 2607 V.
1636 2567 1674 2606 6.
1711 2565 1802 2606 AE
1842 2558 1936 2616 ἄρα

240 2623 404 2667 Theon
436 2623 678 2680 (Bthq).
774 2630 813 2669 6.
848 2619 963 2667 ω’στε
998 2625 1159 2667 καί-
1185 2628 1230 2667 7:
1271 2618 1453 2678 πρῶτός
1479 2616 1631 2696 ἐστίν]
1657 2635 1745 2692 om'.
1773 2620 1935 2665 Theon

242 2681 470 2738 (BVqu).
621 2688 660 2727 8.
695 2680 813 2754 γάρ]
859 2681 913 2727 δέ
953 2683 1116 2727 Theon
1156 2681 1380 2752 (BVqu).
1533 2678 1614 2738 ἐκ]
1649 2676 1743 2724 ἀπό
1776 2679 1939 2724 Theon

243 2740 467 2811 (Bthq).
593 2746 660 2786 10.
674 2738 858 2813 ἐστιν]
901 2742 1006 2785 add.
1047 2742 1228 2786 Theon.
1270 2755 1385 2784 ωστε
1427 2735 1451 2783 6
1494 2735 1546 2783 ἐκ
1578 2740 1670 2783 τῶν
1704 2742 1810 2793 ΖΔ,
1845 2740 1937 2782 ΔΕ

242 2799 323 2843 καὶ
369 2798 486 2854 πρὸς
532 2796 616 2845 τὸν
658 2796 753 2844 ἀπὸ
795 2802 878 2844 τοῦ
919 2804 1005 2844 EZ
1045 2796 1226 2855 πρῶτός
1268 2796 1392 2844 ἐστιν
1434 2797 1660 2855 (Bquq).
1731 2795 1847 2842 ἄλλά
1887 2797 1935 2841 P.

246 2857 370 2903 ἐστιν
409 2855 904 2917 qu2.11.2}u]
946 2856 1040 2903 ὑπό
1083 2875 1111 2915 q
1152 2861 1200 2903 et
1242 2872 1383 2916 supra.
1427 2871 1510 2901 scr.
1551 2873 1611 2901 m.
1645 2862 1671 2902 2
1704 2857 1759 2902 V.
1911 2851 1937 2900 6
