1988 3152
225 131 296 184 30
861 128 1196 171 ΣΤοῙΧΕΙῼΝ
1229 123 1288 172 ς’.

227 247 302 314 ὡς
339 246 374 320 ἡ
416 254 530 303 ΒΔ
569 245 707 319 πρὸς
744 244 850 316 τὴν
889 252 1032 316 ΔΑ,
1074 246 1251 311 οὕτως
1282 242 1314 316 ἡ
1347 249 1455 300 ΓΕ
1481 243 1620 317 πρὸς
1650 242 1753 314 τὴν
1785 249 1914 312 ΕΑ,

225 335 347 393 ἀλλ’
401 335 476 402 ὡς
523 335 624 407 μὲν
671 333 706 406 ἡ
755 339 871 389 ΒΔ
909 333 1048 404 πρὸς
1092 333 1197 405 τὴν
1238 340 1379 404 ΔΑ,
1428 333 1605 398 οὕτως
1643 331 1704 388 τὸ
1746 338 1919 387 ΒΔΕ

228 430 507 499 τρίγωνον
545 422 683 496 πρὸς
720 422 782 479 τὸ
823 429 1006 478 ΑΔΕ
1040 427 1337 494 τρίγωνον,
1377 420 1452 487 ὡς
1484 421 1546 477 δὲ
1577 420 1611 492 ἡ
1645 426 1752 476 ΓΕ
1779 419 1917 488 πρὸς

195 511 332 585 ’τὴν
385 512 519 584 ΕΑ,
578 513 756 578 οὕτως
807 510 871 568 τὸ
918 516 1084 567 ΓΔΕ
1124 515 1402 582 τρίγωνον
1448 509 1586 583 πρὸς
1630 508 1692 565 τὸ
1743 514 1921 564 ΑΔΕ
1984 532 1988 534 ·

145 1060 217 1100 10-

147 1501 201 1542 15

145 2018 202 2059 20

226 606 531 674 τρίγωνον,
586 603 678 657 καὶ
729 599 807 667 ὥς
852 599 963 673 ἄρα
1009 599 1070 656 τὸ
1124 606 1298 655 ΒΔΕ
1342 604 1620 672 τρίγωνον
1671 597 1810 671 πρὸς
1854 596 1919 665 τὸ

229 696 409 746 ΑΔΕ
455 695 758 764 τρίγωνον,
811 689 988 754 οὕτως
1039 688 1103 744 τὸ
1144 694 1311 744 ΓΔΕ
1345 693 1621 761 τρίγωνον
1672 686 1810 760 πρὸς
1855 686 1917 742 τὸ

229 786 409 834 ΑΔΕ
475 783 769 851 τρίγωνον.
862 779 1125 850 ἑκάτερον
1188 777 1298 849 ἄρα
1351 780 1465 833 τῶν
1519 782 1719 848 ΒΔΕ,
1759 781 1924 831 ΓΔΕ
1982 781 1988 802 “

228 868 520 941 τριγώνων
560 867 698 939 πρὸς
736 867 798 923 τὸ
831 874 1010 923 ΑΔΕ
1037 866 1137 922 τὸν
1170 865 1344 922 αὐτὸν
1383 870 1491 938 ἔχει
1538 865 1724 936 λόγον.
1795 872 1919 920 ἴσον
1983 855 1988 921 J

230 955 340 1029 ἄρα
392 956 507 1012 ἐστὶ
552 955 616 1012 τὸ
657 962 833 1011 ΒΔΕ
865 960 1144 1028 τρίγωνον
1190 958 1266 1030 τῷ
1306 959 1471 1010 ΓΔΕ
1504 953 1782 1030 τριγώνῳ·
1828 958 1927 1009 καί
1984 983 1988 1015 2

234 1048 378 1100 εἰσιν
434 1046 522 1101 ἐπὶ
574 1049 673 1117 τῆς
728 1043 902 1116 αὐτῆς
953 1044 1168 1115 βάσεως
1224 1045 1322 1114 τῆς
1381 1049 1507 1100 ΔΕ.
1589 1042 1657 1098 τὰ
1712 1043 1775 1099 δὲ
1830 1049 1923 1097 ἴσα
1985 1059 1988 1082 ³

232 1138 478 1207 τρίγωνα
516 1135 610 1189 καὶ
650 1134 738 1191 ἐπὶ
776 1138 874 1206 τῆς
913 1131 1086 1205 αὐτῆς
1125 1133 1341 1204 βάσεως
1381 1130 1516 1188 ὄντα
1554 1133 1647 1187 καὶ
1696 1133 1756 1187 ἐν
1801 1141 1923 1196 ταῖς
1980 1116 1988 1203 Ξ

231 1220 425 1289 αὐταῖς
481 1222 858 1295 παραλλήλοις
906 1225 1071 1279 ἐστίν.
1141 1220 1495 1294 παράλληλος
1540 1219 1650 1294 ἄρα
1698 1220 1848 1276 ἐστὶν
1887 1217 1920 1291 ἡ

232 1318 350 1368 ΛΕ
383 1315 449 1386 τῇ
489 1317 607 1368 ΒΓ.
1981 1305 1988 1328 “

338 1398 471 1455 Ἐὰν
510 1399 622 1471 ἄρα
660 1399 942 1473 τριγώνου
980 1399 1128 1473 παρὰ
1170 1404 1304 1471 μίαν
1335 1403 1449 1456 τῶν
1480 1402 1738 1470 πλευρῶν
1771 1398 1924 1471 ἀχθῇ
1978 1461 1988 1478 ⁴

232 1509 316 1554 τις
347 1487 562 1559 εὐθεῖα,
595 1486 879 1560 ἀνάλογον
910 1499 1064 1561 τεμεῖ
1089 1488 1189 1555 τὰς
1218 1492 1322 1545 τοῦ
1350 1488 1631 1561 τριγώνου
1662 1486 1924 1559 πλευράς·

232 1577 325 1633 καὶ
366 1577 465 1633 ἐὰν
498 1579 560 1632 αἱ
586 1581 692 1633 τοῦ
724 1578 1003 1651 τριγώνου
1034 1578 1268 1650 πλευραὶ
1301 1576 1583 1649 ἀνάλογον
1614 1580 1927 1649 τμηθῶσιν,
1977 1638 1988 1651 ἱ,

231 1664 266 1737 ἡ
308 1667 395 1723 ἐπὶ
434 1666 534 1732 τὰς
571 1666 744 1738 τομὰς
784 1668 1214 1739 ἐπιζευγνυμένη
1254 1665 1452 1723 εὐθεῖα
1490 1665 1638 1739 παρὰ
1678 1665 1781 1738 τὴν
1813 1672 1927 1721 λοι-
1980 1658 1988 1708 i'

234 1754 346 1826 πὴν
394 1758 546 1810 ἔσται
595 1758 698 1812 τοῦ
747 1755 1029 1828 τριγώνου
1076 1754 1347 1828 πλευράν·
1399 1753 1533 1828 ὅπερ
1575 1759 1686 1810 ἔδει
1739 1757 1928 1822 δεῖξαι.
1978 1754 1988 1786 ‘³

1046 1927 1119 1974 γ.

341 2004 491 2061 Ἐὰν
537 2006 871 2077 τριγώνου
926 2005 960 2078 ἡ
1018 2007 1251 2079 γωνίαῖ
1283 2010 1432 2078 δίχα
1470 2010 1714 2079 τμηθῇ,
1769 2004 1803 2077 ἡ
1862 2005 1930 2062 δὲ

235 2095 568 2167 τέμνουσα
622 2095 739 2167 τὴν
794 2101 1045 2167 γωνίαν
1101 2093 1336 2152 εὐθεῖα
1389 2096 1594 2169 τέμνῃ
1649 2094 1756 2151 καὶ
1811 2095 1928 2167 τὴν

236 2183 462 2255 βάσιν,
501 2182 575 2239 τὰ
615 2188 727 2255 τῆς
765 2184 1017 2255 βάσεως
1058 2184 1356 2257 τμήματα
1395 2183 1508 2240 τὸν
1559 2183 1761 2240 αὐτὸν
1802 2185 1931 2251 ἕξει
1964 2223 1982 2258 .‘

237 2271 441 2342 λόγον
493 2283 636 2338 ταῖς
698 2279 962 2339 λοιπαῖς
1021 2277 1139 2329 τοῦ
1201 2273 1534 2346 τριγώνου
1594 2279 1928 2347 πλευραῖς·

237 2360 346 2415 καὶ
387 2359 499 2416 ἐὰν
539 2359 612 2416 τὰ
652 2364 763 2432 τῆς
801 2361 1052 2432 βάσεως
1089 2352 1386 2434 τμήματα
1423 2360 1538 2418 τὸν
1577 2359 1780 2418 αὐτὸν
1822 2366 1929 2435 ἔχῃ
1980 2375 1988 2438 'j

156 2467 211 2506 25
243 2450 445 2522 λόγον
506 2460 648 2516 ταῖς
709 2457 970 2517 λοιπαῖς
1030 2454 1150 2507 τοῦ
1203 2451 1535 2525 τριγώνου
1588 2457 1928 2524 πλευραῖς,

233 2537 268 2611 ἡ
326 2537 447 2595 ἀπὸ
496 2543 610 2610 τῆς
656 2543 953 2612 κορυφῆς
1000 2540 1103 2595 ἐπὶ
1141 2539 1259 2612 τὴν
1305 2538 1512 2612 τομὴν
1551 2540 1930 2610 ἐπιζευγνυ-

244 2629 403 2700 μένη
474 2625 707 2684 εὐθεῖα
777 2633 925 2701 δίχα
993 2641 1178 2701 τεμεῖ
1242 2628 1360 2701 τὴν
1421 2632 1537 2684 τοῦ
1599 2627 1974 2702 τριγώνου’

238 2721 504 2788 γωνίαν.

359 2855 399 2896 3.
418 2867 489 2907 τρι
473 2850 664 2923 ίγωνον]
683 2851 907 2907 (3.1ῒι..)οαι
921 2851 976 2896 V.
1040 2857 1080 2896 4.
1100 2848 1185 2909 τὴν
1204 2847 1388 2910 ΕΑ]τό
1409 2854 1495 2895 ΕΑ
1513 2865 1606 2908 seq.
1624 2865 1710 2897 ras,
1733 2852 1861 2897 llitt.
1879 2849 1931 2896 F.

300 2915 339 2955 5.
382 2909 461 2954 καὶ
502 2905 564 2960 ὡς
603 2926 698 2967 αρα
740 2937 794 2943 -
838 2915 885 2954 7:
927 2913 1067 2954 ΑΔΕ
1106 2911 1354 2969 τρίγωνον]
1394 2926 1487 2969 mg.
1527 2927 1586 2957 m.
1629 2916 1655 2955 2
1695 2910 1751 2956 V.
1889 2915 1929 2954 6.
