1988 3152
218 128 326 181 336
833 127 1167 170 ΣΤΟΙΧΕΙῼΝ
1197 125 1264 183 η’.

1015 309 1075 342 κε
1104 333 1113 343 .

325 389 472 446 Έόιν
505 389 623 445 δύο
656 387 936 463 ἀριθμοὶ
968 388 1128 463 πρὸς
1159 388 1483 462 ἀλλήλους
1521 390 1726 462 λόγον
1757 395 1905 462 ἔχω-

221 496 353 549 σιν,
410 476 484 534 ὃν
537 478 739 549 κύβος
785 477 1073 550 ἀριθμὸς
1125 477 1285 551 πρὸς
1330 479 1537 550 κύβον
1584 477 1903 550 ἀριθμόν,

220 566 249 624 6
309 567 377 623 δε
430 570 681 639 πρῶτος
736 567 937 638 κύβος
991 570 1052 640 ᾐ,
1107 567 1213 622 καὶ
1262 565 1291 622 6
1351 567 1662 640 δεύτερος
1707 567 1907 637 κύβος

160 671 186 710 5
219 659 413 711 ἕ.σται

339 742 464 798 Δύο
512 742 620 815 γὰρ
668 741 904 815 ἀριθμοὶ
946 746 1004 798 οἰ
1037 751 1114 812 A,
1147 750 1193 798 Β
1235 743 1374 816 πρὸς
1419 741 1692 814 ἀλλήλους
1737 743 1907 814 λόγον

134 892 138 895 ,
229 832 531 903 ἐχέτωσαν,
579 828 647 887 ὃν
692 830 864 901 κύβος
908 829 1150 902 ἀριθμὸς
1190 829 1219 886 6
1260 836 1314 886 Γ
1353 832 1491 904 πρὸς
1528 831 1706 902 κύβον
1747 829 1909 904 ἀριθ-

230 919 340 991 μὸν
378 919 478 974 τὸν
518 925 598 989 Δ,
636 917 808 989 κύβος
848 917 910 973 δὲ
949 922 1087 973 ἔστω
1129 917 1158 974 6
1201 927 1273 974 A·
1321 921 1463 990 λέγω
1505 918 1651 990 mvn,
1701 918 1785 975 ὅτι
1817 920 1909 975 καὶ

222 1005 252 1064 6
298 1014 345 1062 Β
384 1006 555 1077 κύβος
593 1009 761 1062 ἐστίν.

135 1118 190 1159 10
330 1093 481 1151 Ἐπεὶ
527 1094 633 1167 γὰρ
682 1097 740 1150 οἱ
781 1100 853 1166 Γ,
887 1102 942 1150 A
991 1094 1156 1166 κύβοι
1204 1098 1372 1166 εἰσίν,
1422 1097 1480 1151 οἰ
1521 1102 1591 1167 Γ,
1625 1103 1679 1151 Δ
1727 1096 1910 1167 ὅμοιοι

227 1188 450 1256 στερεοί
499 1187 662 1239 εἰσιν·
717 1186 829 1239 τῶν
879 1189 950 1248 Γ,
985 1190 1040 1237 A
1093 1182 1203 1255 ἄρα
1258 1183 1362 1239 δύο
1417 1184 1575 1255 μέσοι
1629 1182 1912 1255 ἀνάλογον

188 1265 195 1280 '
229 1273 594 1343 ἐμπίπτουσιν
634 1270 884 1345 ἀριθμοί.
963 1270 1086 1327 ὅσοι
1127 1271 1189 1327 δὲ
1229 1276 1307 1338 εἰς
1344 1270 1475 1337 τοὺς
1513 1277 1576 1343 Γ,
1612 1280 1665 1328 A
1712 1271 1913 1343 μεταξὺ

230 1359 367 1415 κατὰ
405 1359 467 1415 τὸ
509 1357 733 1430 συνεχὲς
771 1356 1055 1428 ἀνάλογον
1097 1360 1483 1430 ἐμπίπτουσιν,
1524 1362 1784 1415 τοσοῦτοι
1821 1360 1913 1415 καὶ

232 1452 312 1513 εἰς
357 1446 491 1513 τοὺς
534 1445 632 1502 τὸν
683 1445 857 1502 αὐτὸν
903 1445 1077 1517 λόγον
1117 1451 1346 1518 ἔχοντας
1385 1446 1594 1513 αὐτοῖς·
1645 1445 1784 1504 ὥστε
1821 1448 1913 1502 καὶ

141 1559 195 1600 15
233 1540 345 1593 τῶν
399 1543 476 1606 Α,
508 1541 556 1590 Β
612 1537 714 1591 δύο
769 1535 928 1606 μέσοι
981 1533 1264 1606 ἀνάλογον
1327 1539 1690 1607 ἐμπίπτουσιν
1754 1533 1914 1608 ἀριθ-

233 1629 342 1696 μοί.
413 1624 824 1695 ἐμπιπτέτωσαν
865 1624 923 1678 οἰ
950 1629 1016 1692 Ε,
1051 1629 1110 1678 Ζ.
1181 1624 1295 1679 ἐπεὶ
1329 1617 1435 1680 οὖν
1465 1625 1724 1695 τέσσαρες
1754 1622 1913 1697 ἀριθ-

235 1713 328 1784 μοὶ
384 1714 442 1766 οἱ
490 1719 568 1781 Α,
600 1718 673 1781 Ε,
708 1717 778 1780 Ζ,
812 1717 857 1765 Β
914 1710 1036 1781 ἑξῆς
1089 1709 1375 1782 ἀνάλογόν
1426 1715 1594 1782 εἰσιν,
1655 1716 1754 1767 καί
1803 1715 1915 1767 ἐστι

233 1794 406 1871 κύβος
445 1797 474 1855 6
515 1806 592 1869 A,
630 1798 801 1869 κύβος
839 1797 949 1870 ἄρα
986 1799 1078 1853 καὶ
1120 1796 1149 1854 ὃ
1192 1805 1266 1853 Β·
1307 1797 1440 1871 ὅπερ
1482 1802 1592 1855 ἔδει
1634 1802 1822 1867 δεῖξαι.

1014 1975 1118 2033 κς’.

142 2103 198 2143 20
347 2081 421 2134 OC
456 2078 677 2151 ὅμοιοι
718 2081 1018 2135 ἐπίπεδοι
1058 2076 1342 2150 ἀριθμοὶ
1382 2077 1542 2151 πρὸς
1588 2076 1917 2150 ἀλλήλους

232 2167 435 2238 λόγον
483 2172 775 2240 ἔχουσιν,
831 2165 906 2222 ὃν
951 2166 1365 2238 τετράγωνος
1419 2164 1705 2238 ἀριθμὸς
1758 2166 1917 2239 πρὸς

240 2255 662 2326 τετράγωνον
700 2254 1003 2327 ἀριθμόν.

331 2343 624 2400 ’Ἑστωσαν
665 2342 850 2415 ὅμοιοι
889 2345 1137 2399 ἐπίπεδοι
1177 2341 1415 2414 ἀριθμοὶ
1455 2345 1514 2398 οἱ
1547 2350 1616 2412 Α,
1648 2349 1717 2398 Β·
1757 2345 1917 2413 λέγω,

241 2430 328 2488 ὅτι
367 2431 396 2487 ὁ
437 2439 490 2487 A
521 2431 660 2505 πρὸς
689 2432 788 2488 τὸν
820 2438 866 2487 Β
907 2431 1078 2502 λόγον
1111 2435 1237 2502 ἔχει,
1279 2429 1346 2485 όν
1377 2430 1722 2502 τετράγωνος
1755 2429 1918 2502 ἀριθ-

144 2543 200 2584 25
242 2518 344 2592 μὸς
381 2519 519 2592 πρὸς
555 2519 904 2591 τετράγωνον
943 2517 1207 2591 ἀριθμόν.

359 2715 399 2753 3.
432 2708 549 2767 πρὸς
563 2707 729 2781 κύβον
760 2706 999 2769 ἀριθμόν]
1031 2707 1106 2754 bis
1139 2727 1199 2767 φ,
1231 2706 1313 2751 sed
1345 2720 1459 2752 corr.
1567 2713 1606 2754 8.
1641 2706 1729 2769 δή]
1754 2724 1842 2756 om.
1867 2713 1916 2756 P.

243 2774 314 2814 10.
347 2764 520 2827 ομοιοι]
554 2764 649 2826 ἄρα
681 2785 835 2825 ομοιοι
865 2770 1014 2826 Bqu.
1148 2773 1218 2812 11.
1252 2763 1348 2810 εἰσί
1373 2765 1473 2821 th.
1613 2773 1680 2815 12.
1714 2767 1797 2828 δέ]
1830 2766 1919 2827 δήῗ

244 2833 314 2872 13.
348 2823 627 2902 ἐμπίπτουσι
657 2827 804 2883 Pqu.
913 2833 980 2875 15.
1012 2829 1127 2887 τῶν]
1160 2823 1244 2872 τόν
1276 2841 1326 2880 φ.
1429 2829 1496 2870 17.
1530 2825 1668 2899 εἰσιν]
1703 2826 1791 2872 εἰσι
1817 2828 1918 2885 ch.

244 2845 404 2944 ἐστι]μ
396 2883 520 2931 ἐστιν
550 2887 600 2931 Ρ.
693 2891 762 2931 24.
796 2886 859 2945 A]
895 2901 989 2943 seq.
1023 2900 1110 2931 ras.
1148 2892 1171 2930 1
1197 2883 1288 2929 litt.
1315 2881 1369 2926 V.
1463 2879 1669 2943 ἀριθμός
1701 2901 1789 2932 om.
1814 2885 1917 2943 Vq).
