1988 3152
204 130 312 183 100
837 131 1172 174 ΣΤοῙΧΕῙῼΝ
1203 127 1270 174 ς’.

199 247 361 321 πρὸς
422 253 487 322 τῇ
552 248 808 322 καθέτῳ
871 252 1161 321 τρίγωνα
1222 251 1419 321 ὅμοιά
1485 251 1621 305 ἐστι
1683 258 1766 324 τῷ
1829 272 1895 307 τε

201 334 328 412 ὅλῳ
369 337 481 392 καὶ
521 334 851 407 ἀλλήλοις.

299 425 481 481 ’Έστω
522 429 799 497 τρίγωνον
840 422 1201 496 ὀρθογώνιον
1239 426 1302 482 τὸ
1337 432 1509 482 ΑΒΓ
1542 424 1727 498 ὀρθὴν
1769 431 1898 500 ἔχον

202 512 306 585 τὴν
364 511 474 569 ὑπο
527 518 701 568 ΒΑΓ
742 517 981 584 γωνίαν,
1036 515 1128 570 καὶ
1182 513 1343 586 ἤχθω
1399 512 1507 570 ἀπὸ
1561 517 1664 571 τοῦ
1709 524 1762 571 Α
1810 517 1898 572 ἐπὶ

146 621 171 661 5
204 600 308 671 τὴν
365 605 478 656 ΒΓ
523 600 761 667 κάθετος
815 599 850 672 ἡ
908 609 1045 658 ΑΔ·
1109 603 1273 674 λέγω,
1337 600 1421 658 ὅτι
1485 600 1686 674 ὅμοιόν
1749 606 1899 659 ἐστιν

202 688 467 762 ἑκάτερον
514 692 628 745 τῶν
676 694 878 760 ΑΒΔ,
905 694 1087 745 ΑΔΓ
1119 689 1416 763 τριγώνων
1466 691 1577 766 ὅλῳ
1618 695 1692 768 τῷ
1735 698 1906 748 ΑΒΓ

199 778 293 833 καὶ
334 781 413 833 ἔτι
454 776 732 850 ἀλλήλοις.

308 864 458 922 Ἐπεὶ
507 865 616 938 γὰρ
665 872 756 937 ἴση
806 864 1036 948 ἐστὶνὶὴ
1087 864 1199 923 ὑπὸ
1239 872 1410 923 ΒΑΓ
1440 871 1507 941 τῇ
1548 865 1657 924 ὑπο
1700 875 1898 925 ΑΔΒ·
1978 939 1980 941 Υ

204 953 350 1027 ὀρθᾶ
393 953 501 1027 γὰρ
543 953 793 1026 ἑκατέρα·
840 955 932 1009 καὶ
972 953 1134 1026 κοινὴ
1167 958 1282 1011 τών
1323 955 1428 1012 δύο
1467 957 1759 1029 τριγώνων
1798 960 1898 1013 τοῦ

116 1065 171 1105 10
202 1064 260 1099 τε
317 1047 491 1099 ΑΒΓ
536 1043 630 1098 καὶ
683 1045 786 1098 τοῦ
833 1048 1009 1098 ΑΒΔ
1057 1040 1091 1114 ἡ
1142 1043 1282 1114 πρὸς
1329 1046 1404 1120 τῷ
1453 1051 1525 1115 Β,
1573 1043 1740 1117 λοιπὴ
1787 1044 1899 1117 ἄρα

202 1130 238 1202 ἦ
277 1129 390 1188 ὑπὸ
418 1136 581 1187 ΑΓΒ
607 1133 772 1205 λοιπῇ
812 1134 879 1202 τῇ
913 1129 1023 1187 ὑπο
1058 1137 1106 1187 Β
1117 1139 1234 1187 ΑΔ
1266 1134 1416 1188 ἐστιν
1449 1139 1564 1205 ἴση·
1599 1132 1901 1204 ἰσογώνιον

204 1218 314 1293 ἄρα
377 1220 493 1276 ἐστὶ
553 1241 615 1276 το
680 1224 855 1276 ΑΒΓ
907 1225 1186 1294 τρίγωνον
1255 1223 1332 1294 τῷ
1396 1227 1571 1276 ΑΒΔ
1631 1221 1901 1298 τριγώνῳ.

205 1312 356 1364 ἔστιν
421 1307 533 1382 ἄρα
594 1305 670 1375 ὡς
730 1306 764 1379 ἡ
821 1312 933 1363 ΒΓ
978 1307 1354 1365 ὑποτείνουσα
1406 1312 1510 1381 τὴν
1558 1308 1743 1382 ὀρθὴν
1798 1314 1900 1367 τοῦ

204 1402 379 1453 ΑΒΓ
408 1397 690 1470 τριγώνου
729 1396 868 1468 πρὸς
906 1397 1010 1468 τὴν
1050 1405 1161 1454 ΒΑ
1197 1397 1608 1454 ὑποτείνουσαν
1654 1420 1758 1471 την
1807 1398 1897 1471 ὀρ-

122 1506 176 1546 15
207 1484 325 1557 θὴν
372 1488 475 1542 τοῦ
523 1493 699 1542 ΑΒΔ
743 1487 1046 1558 τριγώνου,
1104 1487 1282 1553 οὕτως
1333 1485 1475 1558 αὐτὴ
1527 1484 1561 1557 ἡ
1610 1493 1719 1542 ΑΒ
1773 1486 1904 1543 ὑπο-

204 1578 469 1630 τείνουσα
522 1574 625 1647 τὴν
672 1573 813 1647 πρὸς
857 1578 933 1651 τῷ
981 1580 1030 1630 Γ
1083 1580 1297 1646 γωνίαν
1345 1579 1447 1632 τοῦ
1494 1579 1666 1630 ΑΒΓ
1708 1575 1904 1649 τριγώ-

205 1685 314 1718 νου
362 1662 501 1737 πρὸς
546 1662 651 1736 τὴν
698 1668 812 1719 ΒΔ
861 1661 1275 1720 ὑποτείνουσαν
1321 1663 1425 1736 τὴν
1473 1670 1603 1735 ἴσην
1648 1662 1753 1735 τὴν
1791 1662 1902 1720 ὑπο

207 1756 384 1805 ΒΑΔ
422 1754 525 1806 τοῦ
567 1757 744 1806 ΑΒΔ
782 1752 1084 1822 τριγώνου,
1132 1752 1226 1807 καὶ
1275 1756 1354 1807 ἔτι
1401 1749 1435 1823 ἡ
1476 1756 1595 1807 ΑΓ
1626 1750 1764 1824 πρὸς
1802 1750 1906 1824 τὴν

208 1843 326 1893 ΑΔ
375 1836 785 1895 ὑποτείνουσαν
838 1839 943 1911 τὴν
999 1839 1141 1913 πρὸς
1198 1843 1271 1916 τῷ
1320 1846 1367 1895 Β
1422 1844 1636 1911 γωνίαν
1705 1839 1905 1913 κοινὴν

124 1950 180 1990 20
212 1929 326 1983 τῶν
367 1926 472 1983 δύο
504 1927 811 2001 τριγώνων.
871 1927 933 1984 τὸ
977 1934 1146 1984 ΑΒΓ
1178 1927 1288 2000 ἄρα
1319 1933 1596 2001 τρίγωνον
1627 1931 1703 2004 τῷ
1729 1935 1904 1984 ΑΒΔ

206 2014 459 2092 τριγώνῳ
517 2016 819 2087 ἰσογώνιόν
872 2017 934 2072 τέ
986 2019 1100 2073 ἐστι
1153 2018 1246 2073 καὶ
1301 2015 1398 2083 τὰς
1452 2018 1575 2089 περὶ
1627 2015 1724 2083 τὰς
1782 2023 1906 2082 ἴσας

206 2109 416 2175 γωνίας
469 2103 709 2178 πλευρὰς
764 2103 1049 2177 ἀνάλογον
1104 2109 1227 2177 ἔχει.
1314 2106 1514 2176 ὅμοιον
1568 2104 1679 2178 ἄρα
1737 2105 1898 2174 [ἐστὶ]

207 2191 270 2248 τὸ
320 2198 492 2248 ΑΒΓ
530 2198 808 2266 τρίγωνον
859 2197 935 2270 τῷ
992 2201 1168 2250 ΑΒΔ
1220 2195 1490 2269 τριγώνῳ.
1575 2189 1779 2265 ὁμοίως
1835 2193 1904 2265 δὴ

211 2283 490 2353 δείξομεν,
539 2282 623 2337 ὅτι
670 2283 762 2337 καὶ
808 2286 884 2359 τῷ
927 2288 1106 2338 ΑΔΓ
1136 2281 1390 2358 τριγώνῳ
1442 2283 1644 2354 ὅμοιόν
1689 2284 1802 2338 ἐστι
1841 2281 1904 2338 τὸ

225 2503 237 2513 ·
334 2495 373 2533 1.
409 2486 532 2534 ἔστιν
564 2490 613 2534 F.
708 2496 747 2535 4.
782 2489 980 2563 γωνίαν]
1016 2503 1105 2534 om.
1138 2504 1184 2546 p.
1293 2493 1335 2534 5.
1369 2489 1483 2548 ΒΓ]
1515 2492 1607 2533 ΑΓ
1633 2489 1688 2535 V.
1795 2492 1884 2532 ΑΔ

214 2552 303 2593 ΔΑ,
334 2548 384 2594 Ρ.
448 2545 545 2594 ἐστι
575 2548 676 2594 FV.
799 2555 839 2595 8.
873 2545 998 2607 ὑπο]
1031 2550 1199 2606 postea
1228 2548 1315 2593 ins.
1347 2548 1396 2594 F.
1462 2551 1599 2592 ΒΑΓ
1625 2548 1772 2605 γωνία
1806 2547 1841 2590 F
1895 2583 1905 2593 .
1977 2566 1988 2597 ς

277 2607 444 2665 ΑΔΒ]
478 2611 614 2652 ΑΒΔ
645 2608 701 2665 V,
735 2623 848 2654 corr.
882 2624 942 2653 m.
977 2613 1018 2652 2.
1144 2613 1211 2653 12.
1243 2607 1339 2666 τῷ]
1373 2621 1488 2652 corr.
1523 2621 1579 2652 ex
1602 2607 1694 2652 τῶν
1717 2622 1778 2650 m.
1808 2612 1829 2650 1
1855 2606 1905 2650 P.

218 2667 379 2724 ΑΒΔ]
415 2670 450 2710 Β
483 2682 622 2725 supra.
652 2683 712 2713 m.
742 2673 765 2711 1
791 2669 842 2712 F.
968 2671 1038 2711 13.
1064 2668 1178 2726 ΒΓ]
1209 2670 1291 2711 ΓΒ
1316 2667 1353 2711 Β
1379 2668 1429 2711 et
1450 2679 1545 2722 seq.
1570 2680 1659 2711 ras,
1690 2671 1711 2710 1
1739 2665 1830 2710 litt.
1856 2666 1905 2710 F.

275 2723 391 2794 τήν]
433 2727 541 2782 post
577 2740 666 2771 ras.
711 2733 733 2771 1
774 2726 865 2771 litt.
906 2727 962 2798 νε.
1116 2731 1185 2771 14.
1218 2726 1378 2784 ΑΒΓ]
1422 2729 1465 2769 Γ
1499 2725 1549 2769 in
1579 2739 1664 2796 τρε.
1698 2740 1762 2800 m.
1791 2730 1817 2768 2
1850 2723 1905 2768 V.

215 2785 412 2888 35⁴3-AE
435 2786 813 2898 3⁸'i1ssn‘ra{.vffi.
847 2851 872 2889 2
904 2785 1554 2891 v'f“⁰¹⁸{}‘?”32“‚53..‘}222·032¹
1576 2797 1908 2898 fff‘tffgssffl‘

221 2907 288 2949 17.
322 2903 438 2962 BA]
474 2907 562 2948 ΒΔ
594 2900 679 2960 τήν
711 2904 762 2950 F.
826 2900 1171 2949 ὑποτείνουσαν
1203 2900 1288 2960 τὴν
1321 2905 1424 2959 ἴσην
1455 2903 1511 2962 τῇ
1543 2900 1662 2959 πρὸς
1691 2903 1754 2962 τῷ
1788 2903 1833 2945 Γ
1858 2901 1908 2945 in
