1988 3152
507 112 970 155 ELEMENTORUM
998 114 1182 155 LIBER
1211 115 1287 156 VI.
1651 113 1757 167 109

179 226 301 283 Sint
355 229 512 282 datae
565 233 747 283 rectae
799 233 933 299 BA,
958 234 1075 284 ΑΓ
1114 235 1168 285 et
1222 235 1494 303 ponantur
1546 233 1648 304 ita,
1699 237 1761 288 ut

67 317 363 387 quemlibet
387 318 646 387 angulum
671 319 1145 389 comprehendant.
1215 324 1429 390 oportet
1452 321 1620 392 igitur
1650 341 1761 377 ree-

63 409 245 460 tarum
283 410 409 476 BA,
433 409 548 460 ΑΓ
577 407 794 461 tertiam
832 409 1296 478 proportionalem
1334 410 1594 464 inuenire.

32 480 35 481 ⁷
647 476 667 493 ⁶
934 498 1303 565 producantur
1332 499 1477 552 enim
1502 500 1568 553 ad
1591 518 1759 570 pune-

860 588 919 639 ta
973 590 1050 655 A,
1091 590 1166 656 E,
1229 589 1284 639 et
1351 591 1588 656 ponatur
1653 592 1768 643 ΑΓ

862 678 1092 744 --ΒΔ,
1155 678 1210 728 et
1259 676 1485 729 dueatur
1539 680 1658 749 ΒΓ,
1705 681 1760 731 et

859 781 957 832 per
1005 768 1061 815 A
1115 764 1164 816 ei
1218 765 1481 833 parallela
1535 765 1762 820 ducatur

862 855 978 903 AE
1009 851 1071 920 [I,
1105 852 1217 920 31].
1274 854 1384 907 iam
1418 855 1674 924 quoniam
1705 856 1763 908 in

859 939 1139 1009 triangulo
1201 946 1381 994 AAE
1437 944 1533 996 uni
1603 944 1762 996 lateri

865 1032 981 1081 AE
1013 1030 1275 1098 parallela
1315 1030 1475 1084 ducta
1519 1034 1602 1084 est
1640 1034 1761 1099 ΒΓ,

864 1117 968 1169 erit
1022 1121 1310 1171 AB:BA
1351 1145 1420 1163 =
1458 1122 1574 1173 ΑΓ
1609 1139 1620 1172 :
1655 1122 1764 1172 ΓΕ

868 1207 1043 1274 [prop.
1081 1206 1175 1273 II].
1255 1208 1347 1261 sed
1386 1212 1503 1261 BA
1535 1232 1605 1251 =
1639 1210 1763 1260 AF.

868 1293 1052 1364 itaque
1083 1299 1232 1349 AB:
1259 1298 1461 1349 ΑΓ---
1487 1298 1626 1349 AF:
1643 1298 1762 1349 ΓΕ.

178 1381 328 1452 Ergo
383 1381 523 1435 datis
575 1381 783 1436 duabus
831 1383 993 1436 rectis
1042 1388 1096 1436 A
1106 1387 1175 1450 B
1209 1390 1263 1437 A
1271 1387 1325 1438 Γ
1362 1387 1530 1438 tertia
1577 1403 1762 1437 earum

66 1470 491 1539 proportionalis
539 1471 761 1525 inuenta
808 1475 892 1525 est
929 1475 1058 1541 ΓΕ,
1106 1473 1251 1542 quod
1291 1474 1578 1543 oportebat
1628 1472 1761 1525 fieri.

402 1263 454 1310 E

853 1635 972 1688 XII.
1072 1606 1079 1611 ’

180 1735 341 1790 Datis
381 1737 555 1791 tribus
594 1738 756 1792 rectis
795 1740 954 1793 lineis
996 1741 1244 1810 quartam
1294 1738 1762 1810 proportionalem

55 1825 325 1879 inuenire.
1015 1900 1018 1902 -

70 1936 73 1939 ·
181 1913 305 1968 Sint
329 1913 485 1968 datae
516 1917 697 1969 rectae
731 1921 799 1986 A,
823 1920 886 1986 B,
912 1920 971 1971 Γ.
1042 1918 1257 1986 oportet
1286 1916 1458 1987 igitur
1490 1918 1761 1998 reetarum

75 2007 142 2072 A,
164 2006 229 2074 B,
254 2005 308 2056 Γ
340 2006 591 2073 quartam
630 2006 1094 2075 proportionalem
1134 2004 1390 2058 inuenire.

807 2097 1081 2165 ponantur
1113 2093 1250 2145 duae
1287 2095 1466 2146 rectae
1497 2096 1625 2162 AE,
1652 2096 1707 2144 Δ
1718 2096 1762 2144 Ζ

737 2184 840 2253 ita,
879 2187 942 2236 ut
985 2181 1281 2252 quemlibet
1317 2182 1577 2252 angulum
1623 2199 1762 2235 com-

733 2271 1075 2342 prehendant
1146 2275 1340 2340 EAZ,
1415 2274 1469 2324 et
1529 2273 1765 2341 ponatur

739 2364 961 2414 AH=
999 2365 1072 2429 A,
1112 2362 1330 2413 HE=
1365 2363 1436 2430 Β,
1472 2362 1763 2413 ΔΘ--Γ.

735 2453 789 2503 et
838 2450 1000 2504 ducta
1046 2451 1198 2502 recta
1244 2451 1359 2501 ΗΘ
1405 2449 1454 2501 ei
1504 2449 1766 2517 parallela

735 2558 833 2610 per
871 2542 923 2591 E
960 2539 1186 2592 ducatur
1218 2541 1323 2601 EZ
1358 2537 1421 2607 [I,
1455 2538 1566 2605 31].

60 2640 74 2658 ‘
183 2628 292 2683 iam
349 2630 606 2699 quoniam
661 2631 721 2683 in
774 2627 1051 2697 triangulo
1100 2630 1155 2679 Δ
1165 2629 1268 2679 ΕΖ
1316 2626 1413 2679 uni
1456 2626 1616 2679 lateri
1663 2628 1767 2678 EZ

10 2819 306 2887 ξυνιοῦσαν
279 2820 328 2878 v]
369 2833 461 2866 om.
501 2820 551 2866 P.
697 2821 782 2864 καί
800 2833 928 2936 pom
962 2834 1007 2876 p.
1147 2817 1232 2876 τῇ]
1266 2833 1322 2874 εη
1355 2834 1404 2873 φ.
1544 2819 1616 2860 25.
1649 2815 1763 2871 μίαν

10 2891 15 2913 ·
62 2889 165 2921 aon
194 2879 406 2935 πλευρῶν
445 2878 608 2925 Theon
640 2879 739 2936 (BF
