<?xml version="1.0" encoding="UTF-8"?>
<!DOCTYPE html PUBLIC "-//W3C//DTD XHTML 1.0 Transitional//EN"
    "http://www.w3.org/TR/xhtml1/DTD/xhtml1-transitional.dtd">
<html xmlns="http://www.w3.org/1999/xhtml" xml:lang="en" lang="en">
 <head>
  <title>
</title>
<meta http-equiv="Content-Type" content="text/html;charset=utf-8" />
  <meta name='ocr-system' content='tesseract 3.04.00' />
  <meta name='ocr-capabilities' content='ocr_page ocr_carea ocr_par ocr_line ocrx_word'/>
</head>
<body>
  <div class='ocr_page' id='page_1' title='image "./euclidisoperaomn02eucluoft_0204.png"; bbox 0 0 1988 3152; ppageno 0'>
   <div class='ocr_carea' id='block_1_1' title="bbox 127 1153 180 1192">
    <p class='ocr_par' dir='ltr' id='par_1_1' title="bbox 127 1153 180 1192">
     <span class='ocr_line' id='line_1_1' title="bbox 127 1153 180 1192; baseline 0 0"><span class='ocrx_word' id='word_1_1' title='bbox 127 1153 180 1192; x_wconf 92' lang='grc'><strong><em>10</em></strong></span> 
     </span>
    </p>
   </div>
   <div class='ocr_carea' id='block_1_2' title="bbox 124 1614 178 1653">
    <p class='ocr_par' dir='ltr' id='par_1_2' title="bbox 124 1614 178 1653">
     <span class='ocr_line' id='line_1_2' title="bbox 124 1614 178 1653; baseline 0.019 -1"><span class='ocrx_word' id='word_1_2' title='bbox 124 1614 178 1653; x_wconf 83' lang='grc'><strong><em>15</em></strong></span> 
     </span>
    </p>
   </div>
   <div class='ocr_carea' id='block_1_3' title="bbox 125 2067 181 2106">
    <p class='ocr_par' dir='ltr' id='par_1_3' title="bbox 125 2067 181 2106">
     <span class='ocr_line' id='line_1_3' title="bbox 125 2067 181 2106; baseline 0.018 -1"><span class='ocrx_word' id='word_1_3' title='bbox 125 2067 181 2106; x_wconf 79' lang='lat'><strong><em>20</em></strong></span> 
     </span>
    </p>
   </div>
   <div class='ocr_carea' id='block_1_4' title="bbox 218 113 1289 193">
    <p class='ocr_par' dir='ltr' id='par_1_4' title="bbox 218 113 1289 193">
     <span class='ocr_line' id='line_1_4' title="bbox 218 113 1289 193; baseline -0.008 0"><span class='ocrx_word' id='word_1_4' title='bbox 218 140 326 193; x_wconf 84' lang='lat'><strong><em>178</em></strong></span> <span class='ocrx_word' id='word_1_5' title='bbox 411 113 414 115; x_wconf 41' lang='lat'><strong>.</strong></span> <span class='ocrx_word' id='word_1_6' title='bbox 576 177 580 180; x_wconf 89' lang='lat'><strong>.</strong></span> <span class='ocrx_word' id='word_1_7' title='bbox 852 140 1190 183; x_wconf 73' lang='grc' dir='ltr'><strong><em>ΣΤοῙΧΕΙῼΝ</em></strong></span> <span class='ocrx_word' id='word_1_8' title='bbox 1223 137 1289 184; x_wconf 84' lang='grc' dir='ltr'><strong><em>ς’.</em></strong></span> 
     </span>
    </p>
   </div>
   <div class='ocr_carea' id='block_1_5' title="bbox 214 255 1916 595">
    <p class='ocr_par' dir='ltr' id='par_1_5' title="bbox 214 255 1916 595">
     <span class='ocr_line' id='line_1_5' title="bbox 214 255 1915 331; baseline -0.001 -15"><span class='ocrx_word' id='word_1_9' title='bbox 214 259 314 325; x_wconf 77' lang='grc' dir='ltr'><strong><em>τὰς</em></strong></span> <span class='ocrx_word' id='word_1_10' title='bbox 354 259 458 315; x_wconf 80' lang='grc' dir='ltr'><strong><em>δύο</em></strong></span> <span class='ocrx_word' id='word_1_11' title='bbox 498 257 742 331; x_wconf 79' lang='grc' dir='ltr'><strong><em>πλευρὰς</em></strong></span> <span class='ocrx_word' id='word_1_12' title='bbox 779 267 898 323; x_wconf 78' lang='grc' dir='ltr'><strong><em>ταῖς</em></strong></span> <span class='ocrx_word' id='word_1_13' title='bbox 937 258 1066 313; x_wconf 79' lang='grc' dir='ltr'><strong><em>δυσὶ</em></strong></span> <span class='ocrx_word' id='word_1_14' title='bbox 1106 264 1369 329; x_wconf 78' lang='grc' dir='ltr'><strong><em>πλευραῖς</em></strong></span> <span class='ocrx_word' id='word_1_15' title='bbox 1400 255 1684 330; x_wconf 78' lang='grc' dir='ltr'><strong><em>ἀνάλογον</em></strong></span> <span class='ocrx_word' id='word_1_16' title='bbox 1718 263 1915 331; x_wconf 80' lang='grc' dir='ltr'><strong><em>ἔχοντα</em></strong></span> 
     </span>
     <span class='ocr_line' id='line_1_6' title="bbox 216 344 1916 419; baseline 0 -15"><span class='ocrx_word' id='word_1_17' title='bbox 216 347 356 405; x_wconf 72' lang='grc' dir='ltr'><strong><em>ὥστε</em></strong></span> <span class='ocrx_word' id='word_1_18' title='bbox 395 346 493 413; x_wconf 80' lang='grc' dir='ltr'><strong><em>τὰς</em></strong></span> <span class='ocrx_word' id='word_1_19' title='bbox 533 346 846 418; x_wconf 79' lang='grc' dir='ltr'><em>ὁμολόγους</em></span> <span class='ocrx_word' id='word_1_20' title='bbox 885 344 1072 402; x_wconf 77' lang='grc' dir='ltr'><strong><em>αὐτῶν</em></strong></span> <span class='ocrx_word' id='word_1_21' title='bbox 1111 344 1352 418; x_wconf 81' lang='grc' dir='ltr'><strong><em>πλευρὰς</em></strong></span> <span class='ocrx_word' id='word_1_22' title='bbox 1390 347 1483 401; x_wconf 88' lang='grc' dir='ltr'><strong><em>καὶ</em></strong></span> <span class='ocrx_word' id='word_1_23' title='bbox 1528 347 1916 419; x_wconf 78' lang='grc' dir='ltr'><strong><em>παραλλήλους</em></strong></span> 
     </span>
     <span class='ocr_line' id='line_1_7' title="bbox 218 433 1916 508; baseline -0.001 -16"><span class='ocrx_word' id='word_1_24' title='bbox 218 435 389 506; x_wconf 80' lang='grc' dir='ltr'><strong><em>εἶναι,</em></strong></span> <span class='ocrx_word' id='word_1_25' title='bbox 437 438 498 490; x_wconf 80' lang='grc' dir='ltr'><strong><em>αἱ</em></strong></span> <span class='ocrx_word' id='word_1_26' title='bbox 542 436 732 490; x_wconf 87' lang='grc' dir='ltr'><strong><em>λοιπαὶ</em></strong></span> <span class='ocrx_word' id='word_1_27' title='bbox 778 438 893 491; x_wconf 79' lang='grc' dir='ltr'><strong><em>τῶν</em></strong></span> <span class='ocrx_word' id='word_1_28' title='bbox 938 435 1230 508; x_wconf 77' lang='grc' dir='ltr'><em>τριγώνων</em></span> <span class='ocrx_word' id='word_1_29' title='bbox 1270 435 1502 507; x_wconf 88' lang='grc' dir='ltr'><strong><em>πλευραὶ</em></strong></span> <span class='ocrx_word' id='word_1_30' title='bbox 1552 433 1635 492; x_wconf 85' lang='grc' dir='ltr'><strong><em>ἐπ’</em></strong></span> <span class='ocrx_word' id='word_1_31' title='bbox 1691 434 1916 502; x_wconf 79' lang='grc' dir='ltr'><strong><em>εὐθείας</em></strong></span> 
     </span>
     <span class='ocr_line' id='line_1_8' title="bbox 215 522 1020 595; baseline -0.002 -14"><span class='ocrx_word' id='word_1_32' title='bbox 215 530 460 581; x_wconf 79' lang='grc' dir='ltr'><strong><em>ἔσονται·</em></strong></span> <span class='ocrx_word' id='word_1_33' title='bbox 502 522 635 595; x_wconf 82' lang='grc' dir='ltr'><strong><em>ὅπερ</em></strong></span> <span class='ocrx_word' id='word_1_34' title='bbox 678 527 790 579; x_wconf 82' lang='grc' dir='ltr'><strong><em>ἔδει</em></strong></span> <span class='ocrx_word' id='word_1_35' title='bbox 831 525 1020 590; x_wconf 80' lang='grc' dir='ltr'><strong><em>δεῖξαι.</em></strong></span> 
     </span>
    </p>
   </div>
   <div class='ocr_carea' id='block_1_6' title="bbox 211 687 1922 2198">
    <p class='ocr_par' dir='ltr' id='par_1_6' title="bbox 1012 687 1116 757">
     <span class='ocr_line' id='line_1_9' title="bbox 1012 687 1116 757; baseline 0 -15"><span class='ocrx_word' id='word_1_36' title='bbox 1012 687 1116 757; x_wconf 81' lang='grc' dir='ltr'><strong><em>λγ’.</em></strong></span> 
     </span>
    </p>

    <p class='ocr_par' dir='ltr' id='par_1_7' title="bbox 212 788 1915 1133">
     <span class='ocr_line' id='line_1_10' title="bbox 321 788 1915 861; baseline -0.001 -15"><span class='ocrx_word' id='word_1_37' title='bbox 321 790 424 847; x_wconf 85' lang='grc' dir='ltr'><strong><em>Ἐν</em></strong></span> <span class='ocrx_word' id='word_1_38' title='bbox 478 802 616 857; x_wconf 80' lang='grc' dir='ltr'><strong><em>τοῖς</em></strong></span> <span class='ocrx_word' id='word_1_39' title='bbox 672 798 850 855; x_wconf 83' lang='grc' dir='ltr'><em>ἴσοις</em></span> <span class='ocrx_word' id='word_1_40' title='bbox 901 794 1171 856; x_wconf 84' lang='grc' dir='ltr'><strong><em>κύκλοις</em></strong></span> <span class='ocrx_word' id='word_1_41' title='bbox 1227 793 1296 846; x_wconf 76' lang='grc' dir='ltr'><strong><em>αἱ</em></strong></span> <span class='ocrx_word' id='word_1_42' title='bbox 1346 794 1583 861; x_wconf 81' lang='grc' dir='ltr'><strong><em>γωνίαι</em></strong></span> <span class='ocrx_word' id='word_1_43' title='bbox 1635 788 1748 845; x_wconf 88' lang='grc' dir='ltr'><strong><em>τὸν</em></strong></span> <span class='ocrx_word' id='word_1_44' title='bbox 1803 788 1915 845; x_wconf 83' lang='grc' dir='ltr'><strong><em>αὐ-</em></strong></span> 
     </span>
     <span class='ocr_line' id='line_1_11' title="bbox 212 871 1915 953; baseline -0.002 -16"><span class='ocrx_word' id='word_1_45' title='bbox 212 879 331 937; x_wconf 90' lang='grc' dir='ltr'><strong><em>τὸν</em></strong></span> <span class='ocrx_word' id='word_1_46' title='bbox 388 885 614 953; x_wconf 81' lang='grc' dir='ltr'><strong><em>ἔχουσι</em></strong></span> <span class='ocrx_word' id='word_1_47' title='bbox 670 879 873 951; x_wconf 88' lang='grc' dir='ltr'><strong><em>λόγον</em></strong></span> <span class='ocrx_word' id='word_1_48' title='bbox 935 890 1078 945; x_wconf 83' lang='grc' dir='ltr'><strong><em>ταῖς</em></strong></span> <span class='ocrx_word' id='word_1_49' title='bbox 1131 883 1616 951; x_wconf 78' lang='grc' dir='ltr'><strong><em>περιφερείαις,</em></strong></span> <span class='ocrx_word' id='word_1_50' title='bbox 1669 877 1765 951; x_wconf 84' lang='grc' dir='ltr'><strong><em>ἐφ’</em></strong></span> <span class='ocrx_word' id='word_1_51' title='bbox 1827 871 1915 934; x_wconf 76' lang='grc' dir='ltr'><strong><em>ὦν</em></strong></span> 
     </span>
     <span class='ocr_line' id='line_1_12' title="bbox 213 967 1915 1041; baseline -0.002 -15"><span class='ocrx_word' id='word_1_52' title='bbox 213 969 609 1041; x_wconf 81' lang='grc' dir='ltr'><strong><em>βεβήκασιν,</em></strong></span> <span class='ocrx_word' id='word_1_53' title='bbox 666 968 780 1025; x_wconf 78' lang='grc' dir='ltr'><strong><em>ἐάν</em></strong></span> <span class='ocrx_word' id='word_1_54' title='bbox 827 990 892 1024; x_wconf 88' lang='grc' dir='ltr'><strong><em>τε</em></strong></span> <span class='ocrx_word' id='word_1_55' title='bbox 944 967 1107 1040; x_wconf 89' lang='grc' dir='ltr'><strong><em>πρὸς</em></strong></span> <span class='ocrx_word' id='word_1_56' title='bbox 1152 979 1290 1033; x_wconf 81' lang='grc' dir='ltr'><strong><em>τοῖς</em></strong></span> <span class='ocrx_word' id='word_1_57' title='bbox 1335 969 1639 1040; x_wconf 82' lang='grc' dir='ltr'><strong><em>κέντροις</em></strong></span> <span class='ocrx_word' id='word_1_58' title='bbox 1695 967 1810 1023; x_wconf 82' lang='grc' dir='ltr'><strong><em>ἐάν</em></strong></span> <span class='ocrx_word' id='word_1_59' title='bbox 1850 989 1915 1023; x_wconf 91' lang='grc' dir='ltr'><strong><em>τε</em></strong></span> 
     </span>
     <span class='ocr_line' id='line_1_13' title="bbox 215 1049 1622 1133; baseline -0.004 -17"><span class='ocrx_word' id='word_1_60' title='bbox 215 1058 376 1133; x_wconf 87' lang='grc' dir='ltr'><strong><em>πρὸς</em></strong></span> <span class='ocrx_word' id='word_1_61' title='bbox 414 1069 556 1124; x_wconf 78' lang='grc' dir='ltr'><strong><em>ταῖς</em></strong></span> <span class='ocrx_word' id='word_1_62' title='bbox 594 1061 1057 1130; x_wconf 87' lang='grc' dir='ltr'><strong><em>περιφερείαις</em></strong></span> <span class='ocrx_word' id='word_1_63' title='bbox 1098 1049 1216 1112; x_wconf 66' lang='grc' dir='ltr'><strong><em>αἷσι</em></strong></span> <span class='ocrx_word' id='word_1_64' title='bbox 1256 1061 1622 1128; x_wconf 80' lang='grc' dir='ltr'><strong><em>βεβηκυῖαι.</em></strong></span> 
     </span>
    </p>

    <p class='ocr_par' dir='ltr' id='par_1_8' title="bbox 211 1143 1922 1754">
     <span class='ocr_line' id='line_1_14' title="bbox 311 1143 1917 1218; baseline -0.002 -14"><span class='ocrx_word' id='word_1_65' title='bbox 311 1147 605 1204; x_wconf 74' lang='grc' dir='ltr'><strong><em>’Ἑστωσαν</em></strong></span> <span class='ocrx_word' id='word_1_66' title='bbox 661 1155 774 1203; x_wconf 76' lang='grc' dir='ltr'><strong><em>ἴσοι</em></strong></span> <span class='ocrx_word' id='word_1_67' title='bbox 826 1146 1021 1203; x_wconf 88' lang='grc' dir='ltr'><strong><em>κύκλοι</em></strong></span> <span class='ocrx_word' id='word_1_68' title='bbox 1071 1149 1129 1202; x_wconf 84' lang='grc' dir='ltr'><strong><em>οί</em></strong></span> <span class='ocrx_word' id='word_1_69' title='bbox 1173 1151 1355 1217; x_wconf 91' lang='grc' dir='ltr'>ΑΒΓ,</span> <span class='ocrx_word' id='word_1_70' title='bbox 1399 1153 1590 1215; x_wconf 90' lang='grc' dir='ltr'>ΔΕΖ,</span> <span class='ocrx_word' id='word_1_71' title='bbox 1640 1146 1732 1201; x_wconf 88' lang='grc' dir='ltr'><strong><em>καὶ</em></strong></span> <span class='ocrx_word' id='word_1_72' title='bbox 1778 1143 1917 1218; x_wconf 88' lang='grc' dir='ltr'><strong><em>πρὸς</em></strong></span> 
     </span>
     <span class='ocr_line' id='line_1_15' title="bbox 214 1234 1914 1310; baseline -0.003 -16"><span class='ocrx_word' id='word_1_73' title='bbox 214 1237 316 1310; x_wconf 77' lang='grc' dir='ltr'><strong><em>μὲν</em></strong></span> <span class='ocrx_word' id='word_1_74' title='bbox 361 1248 478 1303; x_wconf 82' lang='grc' dir='ltr'><strong><em>τοῖς</em></strong></span> <span class='ocrx_word' id='word_1_75' title='bbox 524 1237 776 1308; x_wconf 66' lang='grc' dir='ltr'><strong><em>κέντροις</em></strong></span> <span class='ocrx_word' id='word_1_76' title='bbox 822 1234 1010 1291; x_wconf 78' lang='grc' dir='ltr'><strong><em>αὐτῶν</em></strong></span> <span class='ocrx_word' id='word_1_77' title='bbox 1057 1246 1174 1301; x_wconf 80' lang='grc' dir='ltr'><strong><em>τοῖς</em></strong></span> <span class='ocrx_word' id='word_1_78' title='bbox 1224 1241 1307 1304; x_wconf 97' lang='grc' dir='ltr'><strong><em>Η,</em></strong></span> <span class='ocrx_word' id='word_1_79' title='bbox 1339 1241 1386 1291; x_wconf 86' lang='grc' dir='ltr'>Θ</span> <span class='ocrx_word' id='word_1_80' title='bbox 1425 1240 1625 1306; x_wconf 78' lang='grc' dir='ltr'><strong><em>γωνίαι</em></strong></span> <span class='ocrx_word' id='word_1_81' title='bbox 1666 1239 1914 1290; x_wconf 80' lang='grc' dir='ltr'><strong><em>ἔστωσαν</em></strong></span> 
     </span>
     <span class='ocr_line' id='line_1_16' title="bbox 213 1323 1920 1398; baseline -0.002 -16"><span class='ocrx_word' id='word_1_82' title='bbox 213 1330 275 1383; x_wconf 80' lang='grc' dir='ltr'><strong><em>αι’</em></strong></span> <span class='ocrx_word' id='word_1_83' title='bbox 325 1325 435 1383; x_wconf 87' lang='grc' dir='ltr'><strong><em>ὑπὸ</em></strong></span> <span class='ocrx_word' id='word_1_84' title='bbox 493 1330 682 1396; x_wconf 87' lang='grc' dir='ltr'>ΒΗΓ,</span> <span class='ocrx_word' id='word_1_85' title='bbox 716 1331 900 1395; x_wconf 85' lang='grc' dir='ltr'>ΕΘΖ,</span> <span class='ocrx_word' id='word_1_86' title='bbox 955 1323 1093 1398; x_wconf 88' lang='grc' dir='ltr'><strong><em>πρὸς</em></strong></span> <span class='ocrx_word' id='word_1_87' title='bbox 1148 1323 1209 1381; x_wconf 77' lang='grc' dir='ltr'><strong><em>δὲ</em></strong></span> <span class='ocrx_word' id='word_1_88' title='bbox 1263 1335 1382 1390; x_wconf 81' lang='grc' dir='ltr'><strong><em>ταῖς</em></strong></span> <span class='ocrx_word' id='word_1_89' title='bbox 1436 1329 1812 1397; x_wconf 86' lang='grc' dir='ltr'><strong><em>περιφερείαις</em></strong></span> <span class='ocrx_word' id='word_1_90' title='bbox 1859 1325 1920 1378; x_wconf 79' lang='grc' dir='ltr'><strong><em>αί</em></strong></span> 
     </span>
     <span class='ocr_line' id='line_1_17' title="bbox 211 1411 1915 1485; baseline -0.002 -14"><span class='ocrx_word' id='word_1_91' title='bbox 211 1415 320 1471; x_wconf 85' lang='grc' dir='ltr'><strong><em>ὑπὸ</em></strong></span> <span class='ocrx_word' id='word_1_92' title='bbox 355 1419 538 1484; x_wconf 90' lang='grc' dir='ltr'>ΒΑΓ,</span> <span class='ocrx_word' id='word_1_93' title='bbox 564 1421 678 1469; x_wconf 85' lang='lat' dir='ltr'><strong><em>EA</em></strong></span> <span class='ocrx_word' id='word_1_94' title='bbox 690 1419 757 1468; x_wconf 90' lang='lat' dir='ltr'><strong><em>Z·</em></strong></span> <span class='ocrx_word' id='word_1_95' title='bbox 789 1414 949 1485; x_wconf 87' lang='grc' dir='ltr'><strong><em>λέγω,</em></strong></span> <span class='ocrx_word' id='word_1_96' title='bbox 984 1411 1069 1469; x_wconf 81' lang='grc' dir='ltr'><strong><em>ὅτι</em></strong></span> <span class='ocrx_word' id='word_1_97' title='bbox 1102 1413 1252 1469; x_wconf 82' lang='grc' dir='ltr'><strong><em>ἐστὶν</em></strong></span> <span class='ocrx_word' id='word_1_98' title='bbox 1286 1411 1361 1478; x_wconf 78' lang='grc' dir='ltr'><strong><em>ὡς</em></strong></span> <span class='ocrx_word' id='word_1_99' title='bbox 1394 1412 1425 1484; x_wconf 85' lang='grc' dir='ltr'>ἡ</span> <span class='ocrx_word' id='word_1_100' title='bbox 1459 1413 1571 1468; x_wconf 90' lang='grc' dir='ltr'><strong><em>ΒΓ</em></strong></span> <span class='ocrx_word' id='word_1_101' title='bbox 1593 1414 1915 1485; x_wconf 81' lang='grc' dir='ltr'><strong><em>περιφέρεια</em></strong></span> 
     </span>
     <span class='ocr_line' id='line_1_18' title="bbox 212 1501 1922 1577; baseline -0.001 -18"><span class='ocrx_word' id='word_1_102' title='bbox 212 1502 351 1577; x_wconf 85' lang='grc' dir='ltr'><strong><em>πρὸς</em></strong></span> <span class='ocrx_word' id='word_1_103' title='bbox 404 1501 507 1575; x_wconf 85' lang='grc' dir='ltr'><strong><em>τὴν</em></strong></span> <span class='ocrx_word' id='word_1_104' title='bbox 564 1509 668 1558; x_wconf 90' lang='grc' dir='ltr'><strong><em>ΕΖ</em></strong></span> <span class='ocrx_word' id='word_1_105' title='bbox 721 1503 1105 1574; x_wconf 86' lang='grc' dir='ltr'><strong><em>περιφέρειαν,</em></strong></span> <span class='ocrx_word' id='word_1_106' title='bbox 1162 1501 1341 1568; x_wconf 78' lang='grc' dir='ltr'><strong><em>οὕτως</em></strong></span> <span class='ocrx_word' id='word_1_107' title='bbox 1393 1503 1430 1574; x_wconf 80' lang='grc' dir='ltr'>ἤ</span> <span class='ocrx_word' id='word_1_108' title='bbox 1483 1524 1539 1558; x_wconf 89' lang='grc' dir='ltr'><strong><em>τε</em></strong></span> <span class='ocrx_word' id='word_1_109' title='bbox 1587 1501 1696 1557; x_wconf 88' lang='grc' dir='ltr'><strong><em>ὑπὸ</em></strong></span> <span class='ocrx_word' id='word_1_110' title='bbox 1747 1507 1922 1557; x_wconf 89' lang='grc' dir='ltr'><strong><em>ΒΗΓ</em></strong></span> 
     </span>
     <span class='ocr_line' id='line_1_19' title="bbox 212 1588 1915 1665; baseline -0.002 -16"><span class='ocrx_word' id='word_1_111' title='bbox 212 1598 391 1665; x_wconf 82' lang='grc' dir='ltr'><strong><em>γωνία</em></strong></span> <span class='ocrx_word' id='word_1_112' title='bbox 443 1591 583 1665; x_wconf 90' lang='grc' dir='ltr'><strong><em>πρὸς</em></strong></span> <span class='ocrx_word' id='word_1_113' title='bbox 629 1590 734 1663; x_wconf 83' lang='grc' dir='ltr'><strong><em>τὴν</em></strong></span> <span class='ocrx_word' id='word_1_114' title='bbox 785 1590 894 1647; x_wconf 84' lang='grc' dir='ltr'><strong><em>ὑπὸ</em></strong></span> <span class='ocrx_word' id='word_1_115' title='bbox 957 1597 1115 1647; x_wconf 84' lang='grc' dir='ltr'><strong><em>ΕΘΖ</em></strong></span> <span class='ocrx_word' id='word_1_116' title='bbox 1177 1592 1269 1647; x_wconf 88' lang='grc' dir='ltr'><strong><em>καὶ</em></strong></span> <span class='ocrx_word' id='word_1_117' title='bbox 1317 1591 1350 1663; x_wconf 81' lang='grc' dir='ltr'><em>ἡ</em></span> <span class='ocrx_word' id='word_1_118' title='bbox 1399 1589 1509 1647; x_wconf 89' lang='grc' dir='ltr'><strong><em>ὑπὸ</em></strong></span> <span class='ocrx_word' id='word_1_119' title='bbox 1566 1595 1739 1646; x_wconf 89' lang='grc' dir='ltr'><strong><em>ΒΑΓ</em></strong></span> <span class='ocrx_word' id='word_1_120' title='bbox 1778 1588 1915 1663; x_wconf 84' lang='grc' dir='ltr'><strong><em>πρὸς</em></strong></span> 
     </span>
     <span class='ocr_line' id='line_1_20' title="bbox 211 1680 690 1754; baseline -0.002 -15"><span class='ocrx_word' id='word_1_121' title='bbox 211 1682 316 1754; x_wconf 88' lang='grc' dir='ltr'><strong><em>τὴν</em></strong></span> <span class='ocrx_word' id='word_1_122' title='bbox 355 1680 464 1739; x_wconf 87' lang='grc' dir='ltr'><strong><em>ὑπὸ</em></strong></span> <span class='ocrx_word' id='word_1_123' title='bbox 506 1687 690 1738; x_wconf 88' lang='grc' dir='ltr'><em>ΕΔΖ.</em></span> 
     </span>
    </p>

    <p class='ocr_par' dir='ltr' id='par_1_9' title="bbox 211 1767 1914 2109">
     <span class='ocr_line' id='line_1_21' title="bbox 324 1767 1912 1843; baseline -0.003 -16"><span class='ocrx_word' id='word_1_124' title='bbox 324 1775 668 1827; x_wconf 84' lang='grc' dir='ltr'><strong><em>Κείσθωσαν</em></strong></span> <span class='ocrx_word' id='word_1_125' title='bbox 708 1768 815 1842; x_wconf 85' lang='grc' dir='ltr'><strong><em>γὰρ</em></strong></span> <span class='ocrx_word' id='word_1_126' title='bbox 854 1773 921 1843; x_wconf 82' lang='grc' dir='ltr'><strong><em>τῇ</em></strong></span> <span class='ocrx_word' id='word_1_127' title='bbox 961 1769 1064 1841; x_wconf 75' lang='grc' dir='ltr'><strong><em>μὲν</em></strong></span> <span class='ocrx_word' id='word_1_128' title='bbox 1103 1774 1215 1825; x_wconf 91' lang='grc' dir='ltr'><strong><em>ΒΓ</em></strong></span> <span class='ocrx_word' id='word_1_129' title='bbox 1246 1774 1571 1843; x_wconf 79' lang='grc' dir='ltr'><strong><em>περιφερείᾳ</em></strong></span> <span class='ocrx_word' id='word_1_130' title='bbox 1622 1776 1738 1825; x_wconf 71' lang='grc' dir='ltr'><strong><em>ἴσαι</em></strong></span> <span class='ocrx_word' id='word_1_131' title='bbox 1776 1767 1912 1824; x_wconf 79' lang='grc' dir='ltr'><strong><em>κατὰ</em></strong></span> 
     </span>
     <span class='ocr_line' id='line_1_22' title="bbox 211 1858 1914 1932; baseline -0.002 -15"><span class='ocrx_word' id='word_1_132' title='bbox 211 1860 274 1917; x_wconf 89' lang='grc' dir='ltr'><strong><em>τὸ</em></strong></span> <span class='ocrx_word' id='word_1_133' title='bbox 325 1861 448 1932; x_wconf 82' lang='grc' dir='ltr'><strong><em>ἑξῆς</em></strong></span> <span class='ocrx_word' id='word_1_134' title='bbox 497 1858 912 1930; x_wconf 84' lang='grc' dir='ltr'><strong><em>ὁσαιδηποτοῦν</em></strong></span> <span class='ocrx_word' id='word_1_135' title='bbox 968 1861 1030 1913; x_wconf 78' lang='grc' dir='ltr'><strong><em>αἱ</em></strong></span> <span class='ocrx_word' id='word_1_136' title='bbox 1067 1863 1198 1929; x_wconf 88' lang='grc' dir='ltr'><strong><em>ΓΚ,</em></strong></span> <span class='ocrx_word' id='word_1_137' title='bbox 1233 1864 1372 1929; x_wconf 94' lang='grc' dir='ltr'><strong><em>ΚΛ,</em></strong></span> <span class='ocrx_word' id='word_1_138' title='bbox 1412 1863 1478 1932; x_wconf 83' lang='grc' dir='ltr'><strong><em>τῇ</em></strong></span> <span class='ocrx_word' id='word_1_139' title='bbox 1521 1858 1582 1914; x_wconf 74' lang='grc' dir='ltr'><strong><em>δὲ</em></strong></span> <span class='ocrx_word' id='word_1_140' title='bbox 1622 1860 1725 1914; x_wconf 88' lang='grc' dir='ltr'><strong><em>ΕΖ</em></strong></span> <span class='ocrx_word' id='word_1_141' title='bbox 1765 1879 1914 1930; x_wconf 87' lang='grc' dir='ltr'><strong><em>περι-</em></strong></span> 
     </span>
     <span class='ocr_line' id='line_1_23' title="bbox 214 1944 1912 2023; baseline -0.001 -18"><span class='ocrx_word' id='word_1_142' title='bbox 214 1955 411 2023; x_wconf 78' lang='grc' dir='ltr'><strong><em>φερείᾳ</em></strong></span> <span class='ocrx_word' id='word_1_143' title='bbox 451 1957 567 2004; x_wconf 77' lang='grc' dir='ltr'><strong><em>ἴσαι</em></strong></span> <span class='ocrx_word' id='word_1_144' title='bbox 609 1949 1027 2019; x_wconf 82' lang='grc' dir='ltr'><strong><em>ὁσαιδηποτοῦν</em></strong></span> <span class='ocrx_word' id='word_1_145' title='bbox 1068 1949 1130 2003; x_wconf 77' lang='grc' dir='ltr'><strong><em>αἱ</em></strong></span> <span class='ocrx_word' id='word_1_146' title='bbox 1167 1953 1311 2018; x_wconf 94' lang='grc' dir='ltr'><strong><em>ΖΜ,</em></strong></span> <span class='ocrx_word' id='word_1_147' title='bbox 1344 1953 1502 2019; x_wconf 92' lang='grc' dir='ltr'><strong><em>ΜΝ,</em></strong></span> <span class='ocrx_word' id='word_1_148' title='bbox 1542 1944 1912 2018; x_wconf 73' lang='grc' dir='ltr'><strong><em>καὶέπεζεύχ-</em></strong></span> 
     </span>
     <span class='ocr_line' id='line_1_24' title="bbox 212 2040 1213 2109; baseline -0.002 -15"><span class='ocrx_word' id='word_1_149' title='bbox 212 2046 413 2095; x_wconf 84' lang='grc' dir='ltr'><strong><em>θωσαν</em></strong></span> <span class='ocrx_word' id='word_1_150' title='bbox 453 2040 515 2093; x_wconf 75' lang='grc' dir='ltr'><strong><em>αἱ</em></strong></span> <span class='ocrx_word' id='word_1_151' title='bbox 551 2043 697 2109; x_wconf 88' lang='grc' dir='ltr'><strong><em>ΗΚ,</em></strong></span> <span class='ocrx_word' id='word_1_152' title='bbox 730 2043 874 2107; x_wconf 91' lang='grc' dir='ltr'><strong><em>ΗΛ,</em></strong></span> <span class='ocrx_word' id='word_1_153' title='bbox 908 2042 1053 2107; x_wconf 89' lang='grc' dir='ltr'><strong><em>ΘΜ,</em></strong></span> <span class='ocrx_word' id='word_1_154' title='bbox 1086 2043 1213 2093; x_wconf 85' lang='grc' dir='ltr'><strong><em>ΘΝ.</em></strong></span> 
     </span>
    </p>

    <p class='ocr_par' dir='ltr' id='par_1_10' title="bbox 318 2119 1913 2198">
     <span class='ocr_line' id='line_1_25' title="bbox 318 2119 1913 2198; baseline -0.001 -16"><span class='ocrx_word' id='word_1_155' title='bbox 318 2125 467 2183; x_wconf 87' lang='grc' dir='ltr'><strong><em>Ἐπεὶ</em></strong></span> <span class='ocrx_word' id='word_1_156' title='bbox 509 2119 614 2182; x_wconf 78' lang='grc' dir='ltr'><strong><em>οὖν</em></strong></span> <span class='ocrx_word' id='word_1_157' title='bbox 655 2133 771 2182; x_wconf 74' lang='grc' dir='ltr'><strong><em>ἴσαι</em></strong></span> <span class='ocrx_word' id='word_1_158' title='bbox 812 2127 955 2182; x_wconf 80' lang='grc' dir='ltr'><strong><em>εἰσὶν</em></strong></span> <span class='ocrx_word' id='word_1_159' title='bbox 996 2129 1057 2181; x_wconf 81' lang='grc' dir='ltr'><strong><em>αἱ</em></strong></span> <span class='ocrx_word' id='word_1_160' title='bbox 1094 2130 1212 2196; x_wconf 93' lang='grc' dir='ltr'><strong><em>ΒΓ,</em></strong></span> <span class='ocrx_word' id='word_1_161' title='bbox 1249 2131 1380 2196; x_wconf 87' lang='grc' dir='ltr'><strong><em>ΓΚ,</em></strong></span> <span class='ocrx_word' id='word_1_162' title='bbox 1414 2131 1530 2181; x_wconf 92' lang='grc' dir='ltr'><strong><em>ΚΛ</em></strong></span> <span class='ocrx_word' id='word_1_163' title='bbox 1568 2126 1913 2198; x_wconf 82' lang='grc' dir='ltr'><strong><em>περιφέρειαι</em></strong></span> 
     </span>
    </p>
   </div>
   <div class='ocr_carea' id='block_1_7' title="bbox 211 2250 567 2258">
    <p class='ocr_par' dir='ltr' id='par_1_11' title="bbox 211 2250 567 2258">
     <span class='ocr_line' id='line_1_26' title="bbox 211 2250 567 2258; baseline 0 0"><span class='ocrx_word' id='word_1_164' title='bbox 211 2250 567 2258; x_wconf 95' lang='lat' dir='ltr'><strong><em> </em></strong></span> 
     </span>
    </p>
   </div>
   <div class='ocr_carea' id='block_1_8' title="bbox 331 2288 1910 2347">
    <p class='ocr_par' dir='ltr' id='par_1_12' title="bbox 331 2288 1910 2347">
     <span class='ocr_line' id='line_1_27' title="bbox 331 2288 1910 2347; baseline -0.003 -12"><span class='ocrx_word' id='word_1_165' title='bbox 331 2290 540 2335; x_wconf 91' lang='lat' dir='ltr'>XXXIII.</span> <span class='ocrx_word' id='word_1_166' title='bbox 578 2289 668 2336; x_wconf 84' lang='lat' dir='ltr'><strong>Cfr.</strong></span> <span class='ocrx_word' id='word_1_167' title='bbox 704 2290 972 2335; x_wconf 84' lang='lat' dir='ltr'>zenodorus</span> <span class='ocrx_word' id='word_1_168' title='bbox 1004 2302 1079 2347; x_wconf 85' lang='lat' dir='ltr'><strong>ap.</strong></span> <span class='ocrx_word' id='word_1_169' title='bbox 1113 2288 1286 2335; x_wconf 86' lang='lat' dir='ltr'><strong>Theon.</strong></span> <span class='ocrx_word' id='word_1_170' title='bbox 1318 2290 1367 2334; x_wconf 84' lang='lat' dir='ltr'><strong><em>in</em></strong></span> <span class='ocrx_word' id='word_1_171' title='bbox 1398 2288 1595 2333; x_wconf 75' lang='lat' dir='ltr'><strong>Ptolem.</strong></span> <span class='ocrx_word' id='word_1_172' title='bbox 1637 2303 1682 2345; x_wconf 91' lang='lat' dir='ltr'><strong><em>p.</em></strong></span> <span class='ocrx_word' id='word_1_173' title='bbox 1720 2293 1770 2332; x_wconf 90' lang='lat'><strong><em>11</em></strong></span> <span class='ocrx_word' id='word_1_174' title='bbox 1803 2288 1910 2333; x_wconf 80' lang='lat' dir='ltr'><strong>Bas.</strong></span> 
     </span>
    </p>
   </div>
   <div class='ocr_carea' id='block_1_9' title="bbox 214 2408 569 2415">
    <p class='ocr_par' dir='ltr' id='par_1_13' title="bbox 214 2408 569 2415">
     <span class='ocr_line' id='line_1_28' title="bbox 214 2408 569 2415; baseline 0 737"><span class='ocrx_word' id='word_1_175' title='bbox 214 2408 569 2415; x_wconf 95' lang='lat' dir='ltr'><strong><em> </em></strong></span> 
     </span>
    </p>
   </div>
   <div class='ocr_carea' id='block_1_10' title="bbox 209 2449 1912 2987">
    <p class='ocr_par' dir='ltr' id='par_1_14' title="bbox 209 2449 1912 2987">
     <span class='ocr_line' id='line_1_29' title="bbox 331 2449 1909 2512; baseline -0.001 -14"><span class='ocrx_word' id='word_1_176' title='bbox 331 2459 372 2500; x_wconf 86' lang='lat'><strong>3.</strong></span> <span class='ocrx_word' id='word_1_177' title='bbox 406 2453 634 2512; x_wconf 83' lang='grc' dir='ltr'><strong><em>πλευραί]</em></strong></span> <span class='ocrx_word' id='word_1_178' title='bbox 681 2468 768 2499; x_wconf 90' lang='lat' dir='ltr'><strong>om.</strong></span> <span class='ocrx_word' id='word_1_179' title='bbox 808 2469 854 2511; x_wconf 91' lang='lat' dir='ltr'><strong><em>p.</em></strong></span> <span class='ocrx_word' id='word_1_180' title='bbox 976 2457 1018 2497; x_wconf 84' lang='lat'><strong>5.</strong></span> <span class='ocrx_word' id='word_1_181' title='bbox 1049 2449 1132 2497; x_wconf 69' lang='lat' dir='ltr'><strong><em>w&#39;</em></strong></span> <span class='ocrx_word' id='word_1_182' title='bbox 1178 2467 1210 2510; x_wconf 90' lang='lat' dir='ltr'><strong>p</strong></span> <span class='ocrx_word' id='word_1_183' title='bbox 1243 2453 1290 2497; x_wconf 75' lang='lat' dir='ltr'><strong><em>et</em></strong></span> <span class='ocrx_word' id='word_1_184' title='bbox 1320 2451 1380 2508; x_wconf 81' lang='lat' dir='ltr'><strong><em>F,</em></strong></span> <span class='ocrx_word' id='word_1_185' title='bbox 1414 2464 1528 2496; x_wconf 85' lang='lat' dir='ltr'><strong>corr.</strong></span> <span class='ocrx_word' id='word_1_186' title='bbox 1560 2467 1621 2496; x_wconf 91' lang='lat' dir='ltr'><strong>m.</strong></span> <span class='ocrx_word' id='word_1_187' title='bbox 1654 2465 1744 2496; x_wconf 85' lang='lat' dir='ltr'><strong>rec.</strong></span> <span class='ocrx_word' id='word_1_188' title='bbox 1871 2457 1909 2497; x_wconf 83' lang='lat'><strong>7.</strong></span> 
     </span>
     <span class='ocr_line' id='line_1_30' title="bbox 211 2506 1912 2571; baseline -0.002 -13"><span class='ocrx_word' id='word_1_189' title='bbox 211 2509 353 2571; x_wconf 81' lang='grc' dir='ltr'><strong><em>λόγον</em></strong></span> <span class='ocrx_word' id='word_1_190' title='bbox 402 2511 561 2570; x_wconf 78' lang='grc' dir='ltr'><strong><em>ἔχουσι</em></strong></span> <span class='ocrx_word' id='word_1_191' title='bbox 593 2513 648 2557; x_wconf 91' lang='lat' dir='ltr'><strong><em>V.</em></strong></span> <span class='ocrx_word' id='word_1_192' title='bbox 712 2509 796 2564; x_wconf 81' lang='grc' dir='ltr'><strong><em>τὰς</em></strong></span> <span class='ocrx_word' id='word_1_193' title='bbox 842 2514 1173 2570; x_wconf 85' lang='grc' dir='ltr'><strong><em>περιφερείας,</em></strong></span> <span class='ocrx_word' id='word_1_194' title='bbox 1221 2526 1336 2557; x_wconf 84' lang='lat' dir='ltr'><strong>corr.</strong></span> <span class='ocrx_word' id='word_1_195' title='bbox 1383 2525 1443 2554; x_wconf 89' lang='lat' dir='ltr'><strong>m.</strong></span> <span class='ocrx_word' id='word_1_196' title='bbox 1494 2516 1519 2555; x_wconf 84' lang='lat'><strong>2</strong></span> <span class='ocrx_word' id='word_1_197' title='bbox 1559 2509 1616 2555; x_wconf 93' lang='lat' dir='ltr'><strong><em>V.</em></strong></span> <span class='ocrx_word' id='word_1_198' title='bbox 1740 2515 1779 2555; x_wconf 84' lang='lat'><strong>8.</strong></span> <span class='ocrx_word' id='word_1_199' title='bbox 1825 2506 1912 2555; x_wconf 78' lang='grc' dir='ltr'><strong><em>ἐάν</em></strong></span> 
     </span>
     <span class='ocr_line' id='line_1_31' title="bbox 209 2562 1910 2632; baseline -0.002 -15"><span class='ocrx_word' id='word_1_200' title='bbox 209 2589 259 2618; x_wconf 86' lang='grc' dir='ltr'><strong><em>τε</em></strong></span> <span class='ocrx_word' id='word_1_201' title='bbox 293 2569 411 2628; x_wconf 83' lang='grc' dir='ltr'><strong><em>πρὸς</em></strong></span> <span class='ocrx_word' id='word_1_202' title='bbox 443 2578 542 2623; x_wconf 81' lang='grc' dir='ltr'><strong><em>τοῖς</em></strong></span> <span class='ocrx_word' id='word_1_203' title='bbox 573 2571 804 2632; x_wconf 80' lang='grc' dir='ltr'><strong><em>κέντροις]</em></strong></span> <span class='ocrx_word' id='word_1_204' title='bbox 836 2587 932 2630; x_wconf 83' lang='lat' dir='ltr'><strong>mg.</strong></span> <span class='ocrx_word' id='word_1_205' title='bbox 964 2587 1023 2617; x_wconf 90' lang='lat' dir='ltr'><strong>m.</strong></span> <span class='ocrx_word' id='word_1_206' title='bbox 1050 2585 1141 2617; x_wconf 80' lang='lat' dir='ltr'><strong>rec.</strong></span> <span class='ocrx_word' id='word_1_207' title='bbox 1165 2571 1216 2616; x_wconf 89' lang='lat' dir='ltr'><strong><em>P.</em></strong></span> <span class='ocrx_word' id='word_1_208' title='bbox 1338 2575 1379 2615; x_wconf 83' lang='lat'><strong>9.</strong></span> <span class='ocrx_word' id='word_1_209' title='bbox 1414 2562 1526 2615; x_wconf 77' lang='grc' dir='ltr'><strong><em>ὦσιν</em></strong></span> <span class='ocrx_word' id='word_1_210' title='bbox 1551 2570 1648 2614; x_wconf 92' lang='grc' dir='ltr'><strong><em>ΡΒ.</em></strong></span> <span class='ocrx_word' id='word_1_211' title='bbox 1772 2571 1910 2630; x_wconf 79' lang='grc' dir='ltr'><strong><em>βεβη-</em></strong></span> 
     </span>
     <span class='ocr_line' id='line_1_32' title="bbox 210 2627 1912 2691; baseline -0.003 -14"><span class='ocrx_word' id='word_1_212' title='bbox 210 2633 364 2691; x_wconf 79' lang='grc' dir='ltr'><strong><em>κυῖαι]</em></strong></span> <span class='ocrx_word' id='word_1_213' title='bbox 397 2633 507 2689; x_wconf 73' lang='lat' dir='ltr'><strong>post</strong></span> <span class='ocrx_word' id='word_1_214' title='bbox 536 2632 627 2676; x_wconf 85' lang='lat' dir='ltr'><strong><em>hoc</em></strong></span> <span class='ocrx_word' id='word_1_215' title='bbox 658 2633 939 2677; x_wconf 81' lang='lat' dir='ltr'>uocabulum</span> <span class='ocrx_word' id='word_1_216' title='bbox 972 2631 1078 2676; x_wconf 83' lang='lat' dir='ltr'><strong>add.</strong></span> <span class='ocrx_word' id='word_1_217' title='bbox 1114 2631 1297 2676; x_wconf 84' lang='lat' dir='ltr'>Theon:</span> <span class='ocrx_word' id='word_1_218' title='bbox 1349 2627 1417 2674; x_wconf 79' lang='grc' dir='ltr'><strong><em>ἔτι</em></strong></span> <span class='ocrx_word' id='word_1_219' title='bbox 1458 2627 1510 2674; x_wconf 76' lang='grc' dir='ltr'><strong><em>δὲ</em></strong></span> <span class='ocrx_word' id='word_1_220' title='bbox 1556 2628 1634 2673; x_wconf 76' lang='grc' dir='ltr'><strong><em>καὶ</em></strong></span> <span class='ocrx_word' id='word_1_221' title='bbox 1679 2627 1727 2674; x_wconf 79' lang='grc' dir='ltr'><strong><em>οἱ</em></strong></span> <span class='ocrx_word' id='word_1_222' title='bbox 1755 2635 1912 2686; x_wconf 78' lang='grc' dir='ltr'><strong><em>τομεῐς</em></strong></span> 
     </span>
     <span class='ocr_line' id='line_1_33' title="bbox 210 2685 1909 2748; baseline -0.003 -12"><span class='ocrx_word' id='word_1_223' title='bbox 210 2688 293 2736; x_wconf 76' lang='grc' dir='ltr'><strong><em>ἅτε</em></strong></span> <span class='ocrx_word' id='word_1_224' title='bbox 329 2692 442 2748; x_wconf 83' lang='grc' dir='ltr'><strong><em>(οῖ’τε</em></strong></span> <span class='ocrx_word' id='word_1_225' title='bbox 476 2690 530 2747; x_wconf 85' lang='lat' dir='ltr'><strong><em>F)</em></strong></span> <span class='ocrx_word' id='word_1_226' title='bbox 564 2689 680 2746; x_wconf 85' lang='grc' dir='ltr'><strong><em>πρὸς</em></strong></span> <span class='ocrx_word' id='word_1_227' title='bbox 712 2697 808 2742; x_wconf 86' lang='grc' dir='ltr'><strong><em>τοῖς</em></strong></span> <span class='ocrx_word' id='word_1_228' title='bbox 841 2690 1053 2746; x_wconf 79' lang='grc' dir='ltr'><strong><em>κέντροις</em></strong></span> <span class='ocrx_word' id='word_1_229' title='bbox 1085 2686 1414 2747; x_wconf 81' lang='grc' dir='ltr'><strong><em>συνιστάμενοι</em></strong></span> <span class='ocrx_word' id='word_1_230' title='bbox 1455 2685 1811 2746; x_wconf 80' lang='grc' dir='ltr'><strong><em>(συνεστάμενοι</em></strong></span> <span class='ocrx_word' id='word_1_231' title='bbox 1857 2686 1909 2743; x_wconf 86' lang='lat' dir='ltr'><strong><em>F)</em></strong></span> 
     </span>
     <span class='ocr_line' id='line_1_34' title="bbox 211 2747 1909 2851; baseline -0.002 -57"><span class='ocrx_word' id='word_1_232' title='bbox 211 2749 438 2808; x_wconf 85' lang='lat' dir='ltr'><strong>(BFVp),</strong></span> <span class='ocrx_word' id='word_1_233' title='bbox 463 2749 577 2795; x_wconf 87' lang='lat' dir='ltr'><strong>Pm.</strong></span> <span class='ocrx_word' id='word_1_234' title='bbox 604 2764 694 2795; x_wconf 87' lang='lat' dir='ltr'><strong>rec.</strong></span> <span class='ocrx_word' id='word_1_235' title='bbox 791 2755 859 2795; x_wconf 84' lang='lat'><strong>12.</strong></span> <span class='ocrx_word' id='word_1_236' title='bbox 894 2751 1066 2808; x_wconf 86' lang='grc' dir='ltr'>ΒΗΓ]</span> <span class='ocrx_word' id='word_1_237' title='bbox 1093 2749 1184 2795; x_wconf 78' lang='lat' dir='ltr'><strong>litt.</strong></span> <span class='ocrx_word' id='word_1_238' title='bbox 1211 2751 1314 2792; x_wconf 91' lang='grc' dir='ltr'><strong><em>ΗΓ</em></strong></span> <span class='ocrx_word' id='word_1_239' title='bbox 1339 2748 1388 2792; x_wconf 90' lang='lat' dir='ltr'><strong><em>in</em></strong></span> <span class='ocrx_word' id='word_1_240' title='bbox 1411 2762 1502 2794; x_wconf 70' lang='lat' dir='ltr'><strong>rae.</strong></span> <span class='ocrx_word' id='word_1_241' title='bbox 1526 2748 1575 2794; x_wconf 88' lang='lat' dir='ltr'><strong>F.</strong></span> <span class='ocrx_word' id='word_1_242' title='bbox 1669 2747 1839 2851; x_wconf 55' lang='grc' dir='ltr'>ΕΘΖΞ</span> <span class='ocrx_word' id='word_1_243' title='bbox 1868 2749 1909 2791; x_wconf 91' lang='grc' dir='ltr'><strong>Ε</strong></span> 
     </span>
     <span class='ocr_line' id='line_1_35' title="bbox 209 2805 1910 2863; baseline -0.002 -9"><span class='ocrx_word' id='word_1_244' title='bbox 209 2811 259 2854; x_wconf 85' lang='lat' dir='ltr'><strong><em>in</em></strong></span> <span class='ocrx_word' id='word_1_245' title='bbox 290 2822 377 2856; x_wconf 75' lang='lat' dir='ltr'><strong>rae.</strong></span> <span class='ocrx_word' id='word_1_246' title='bbox 413 2825 474 2855; x_wconf 90' lang='lat' dir='ltr'><strong>m.</strong></span> <span class='ocrx_word' id='word_1_247' title='bbox 509 2814 532 2854; x_wconf 89' lang='lat'>1</span> <span class='ocrx_word' id='word_1_248' title='bbox 568 2809 620 2854; x_wconf 85' lang='lat' dir='ltr'><strong>B.</strong></span> <span class='ocrx_word' id='word_1_249' title='bbox 775 2815 843 2854; x_wconf 88' lang='lat'><strong>16.</strong></span> <span class='ocrx_word' id='word_1_250' title='bbox 877 2810 991 2855; x_wconf 77' lang='lat' dir='ltr'>Post</span> <span class='ocrx_word' id='word_1_251' title='bbox 1023 2812 1165 2854; x_wconf 83' lang='lat' dir='ltr'><strong><em>EAZ</em></strong></span> <span class='ocrx_word' id='word_1_252' title='bbox 1196 2807 1300 2853; x_wconf 87' lang='lat' dir='ltr'><strong>add.</strong></span> <span class='ocrx_word' id='word_1_253' title='bbox 1335 2808 1520 2852; x_wconf 83' lang='lat' dir='ltr'>Theon:</span> <span class='ocrx_word' id='word_1_254' title='bbox 1564 2806 1643 2851; x_wconf 79' lang='grc' dir='ltr'><strong><em>καὶ</em></strong></span> <span class='ocrx_word' id='word_1_255' title='bbox 1687 2805 1754 2852; x_wconf 84' lang='grc' dir='ltr'><strong><em>ἔτι</em></strong></span> <span class='ocrx_word' id='word_1_256' title='bbox 1796 2807 1811 2863; x_wconf 94' lang='grc'><strong>(</strong></span> <span class='ocrx_word' id='word_1_257' title='bbox 1840 2821 1910 2850; x_wconf 89' lang='grc' dir='ltr'><strong><em>στι</em></strong></span> 
     </span>
     <span class='ocr_line' id='line_1_36' title="bbox 212 2865 1908 2927; baseline -0.002 -13"><span class='ocrx_word' id='word_1_258' title='bbox 212 2883 360 2927; x_wconf 86' lang='lat' dir='ltr'><strong>comp.</strong></span> <span class='ocrx_word' id='word_1_259' title='bbox 393 2870 442 2926; x_wconf 85' lang='lat' dir='ltr'><strong><em>p)</em></strong></span> <span class='ocrx_word' id='word_1_260' title='bbox 476 2865 500 2913; x_wconf 85' lang='grc' dir='ltr'><em>ὃ</em></span> <span class='ocrx_word' id='word_1_261' title='bbox 537 2869 741 2917; x_wconf 80' lang='grc' dir='ltr'>ΗΒΞΓ</span> <span class='ocrx_word' id='word_1_262' title='bbox 770 2869 838 2926; x_wconf 89' lang='lat' dir='ltr'><strong><em>(in</em></strong></span> <span class='ocrx_word' id='word_1_263' title='bbox 867 2883 955 2914; x_wconf 83' lang='lat' dir='ltr'><strong>ras.</strong></span> <span class='ocrx_word' id='word_1_264' title='bbox 990 2885 1051 2913; x_wconf 88' lang='lat' dir='ltr'><strong>m.</strong></span> <span class='ocrx_word' id='word_1_265' title='bbox 1086 2874 1111 2913; x_wconf 84' lang='lat'>2</span> <span class='ocrx_word' id='word_1_266' title='bbox 1144 2868 1201 2924; x_wconf 89' lang='lat' dir='ltr'><strong><em>V,</em></strong></span> <span class='ocrx_word' id='word_1_267' title='bbox 1236 2869 1430 2911; x_wconf 89' lang='grc' dir='ltr'>ΗΒΖΓ</span> <span class='ocrx_word' id='word_1_268' title='bbox 1455 2866 1492 2910; x_wconf 91' lang='grc' dir='ltr'>Ρ</span> <span class='ocrx_word' id='word_1_269' title='bbox 1524 2868 1572 2911; x_wconf 75' lang='lat' dir='ltr'><strong><em>et</em></strong></span> <span class='ocrx_word' id='word_1_270' title='bbox 1604 2880 1699 2923; x_wconf 80' lang='lat' dir='ltr'><strong>seq.</strong></span> <span class='ocrx_word' id='word_1_271' title='bbox 1732 2879 1822 2910; x_wconf 81' lang='lat' dir='ltr'><strong>ras,</strong></span> <span class='ocrx_word' id='word_1_272' title='bbox 1855 2866 1908 2921; x_wconf 82' lang='lat' dir='ltr'><strong><em>F)</em></strong></span> 
     </span>
     <span class='ocr_line' id='line_1_37' title="bbox 210 2921 1908 2987; baseline -0.004 -13"><span class='ocrx_word' id='word_1_273' title='bbox 210 2925 380 2987; x_wconf 79' lang='grc' dir='ltr'><strong><em>τομεύς</em></strong></span> <span class='ocrx_word' id='word_1_274' title='bbox 428 2925 545 2985; x_wconf 86' lang='grc' dir='ltr'><strong><em>πρὸς</em></strong></span> <span class='ocrx_word' id='word_1_275' title='bbox 592 2924 676 2973; x_wconf 84' lang='grc' dir='ltr'><strong><em>τὸν</em></strong></span> <span class='ocrx_word' id='word_1_276' title='bbox 727 2930 919 2973; x_wconf 87' lang='grc' dir='ltr'>ΘΕΠΖ</span> <span class='ocrx_word' id='word_1_277' title='bbox 966 2928 1031 2985; x_wconf 88' lang='lat' dir='ltr'><strong><em>(in</em></strong></span> <span class='ocrx_word' id='word_1_278' title='bbox 1071 2942 1159 2973; x_wconf 82' lang='lat' dir='ltr'><strong>ras.</strong></span> <span class='ocrx_word' id='word_1_279' title='bbox 1200 2941 1260 2972; x_wconf 91' lang='lat' dir='ltr'><strong>m.</strong></span> <span class='ocrx_word' id='word_1_280' title='bbox 1302 2932 1327 2970; x_wconf 82' lang='lat'><strong>2</strong></span> <span class='ocrx_word' id='word_1_281' title='bbox 1369 2926 1429 2983; x_wconf 88' lang='lat' dir='ltr'><strong><em>V)</em></strong></span> <span class='ocrx_word' id='word_1_282' title='bbox 1477 2924 1624 2984; x_wconf 85' lang='grc' dir='ltr'><strong><em>τομέα</em></strong></span> <span class='ocrx_word' id='word_1_283' title='bbox 1666 2921 1908 2983; x_wconf 85' lang='lat' dir='ltr'>(BFVp);</span> 
     </span>
    </p>
   </div>
  </div>
 </body>
</html>
