1988 3152
232 85 341 138 390
854 87 1190 131 ΣΤοΙΧΕῙΩΝ
1219 84 1292 132 θ’.

232 207 370 258 ἔστω
419 201 694 275 πρότερον
743 206 982 276 πρῶτος·
1038 204 1336 277 εὑρημένοι
1390 203 1499 278 ἄρα
1553 206 1660 260 εἰσὶ
1714 209 1924 278 πρῶτοι

231 290 469 364 ἀριθμοὶ
511 292 569 346 οἱ
603 300 685 363 A,
720 298 794 362 Β,
826 297 898 362 Γ,
930 299 1034 348 ΕΖ
1072 299 1298 358 πλείους
1334 297 1448 349 τῶν
1487 302 1566 363 A,
1597 301 1671 365 B,
1705 299 1764 350 Γ.

337 379 500 436 Ἀλλὰ
557 379 626 452 δὴ
686 380 761 452 μὴ
818 385 956 437 ἔστω
1015 381 1044 437 5
1093 388 1198 437 ΕΖ
1243 385 1481 454 πρῶτος·
1535 382 1646 438 ὑπὸ
1699 383 1924 456 πρώτου

229 467 339 538 ἄρα
384 468 539 534 τινὸς
585 468 836 542 ἀριθμοῦ
891 482 1179 542 μετρεῖται.
1264 474 1573 541 μετρείσθω
1620 469 1730 528 ὑπὸ
1778 473 1925 545 πρω-

171 565 197 606 5
230 578 331 612 του
369 562 471 613 τοῦ
509 564 588 614 Η·
628 560 790 630 λέγω,
831 557 918 615 ὅτι
958 557 987 614 5
1028 566 1094 615 Η
1126 557 1318 615 οὐδενὶ
1351 563 1463 615 τῶν
1494 567 1565 630 Α,
1598 567 1664 630 Β,
1697 566 1751 616 Γ
1776 564 1925 617 ἐστιν

232 643 261 701 5
304 643 486 712 αὐτός.
556 652 607 703 εἰ
642 650 749 721 γὰρ
792 648 1063 718 δυνατόν,
1116 652 1271 703 ἔστω.
1339 651 1398 704 οἱ
1426 648 1488 704 δὲ
1526 655 1604 719 A,
1638 655 1710 719 Β,
1743 655 1797 704 Γ
1825 649 1925 706 τὸν

230 741 351 790 AE
407 741 729 810 μετροῦσιν·
793 738 886 793 καὶ
950 735 980 792 5
1034 743 1100 792 Η
1145 735 1255 809 ἄρα
1315 736 1416 793 τὸν
1479 743 1595 792 ΔΕ
1653 738 1924 809 μετρήσει.

230 836 417 896 μετρεῖ
462 825 525 881 δὲ
570 827 663 881 καὶ
709 825 811 882 τὸν
857 833 985 882 ΕΖ·
1033 826 1126 881 καὶ
1172 826 1376 896 λοιπὴν
1414 824 1517 898 τὴν
1557 833 1667 881 ΔΖ
1706 829 1926 898 μονάδα

229 912 487 985 μετρήσει
519 911 548 969 5
590 921 656 970 Η
688 913 930 988 ἀριθμὸς
970 914 1073 972 ω’ν·
1121 913 1257 988 ὅπερ
1299 913 1524 971 ἄτοπον.
1590 913 1693 972 οὐκ
1733 915 1842 989 ἄρα
1892 914 1920 972 5

145 1010 200 1051 10
232 1006 298 1056 Η
339 1002 425 1057 ἑνὶ
471 1006 586 1059 τῶν
633 1011 710 1075 A,
743 1011 818 1075 Β,
850 1009 904 1059 Γ
951 1006 1102 1060 ἐστιν
1150 1004 1180 1060 5
1235 1002 1418 1069 αὐτός.
1491 1005 1584 1060 καὶ
1637 1002 1925 1061 ὑπόκειται

229 1094 460 1161 πρῶτος.
519 1090 817 1165 εὑρημένοι
865 1091 975 1166 ἄρα
1022 1093 1130 1148 εἰσὶ
1176 1096 1386 1165 πρῶτοι
1426 1092 1663 1165 ἀριθμοὶ
1701 1098 1925 1160 πλείους

227 1182 329 1234 τοῦ
370 1183 742 1253 προτεθέντος
778 1181 1033 1254 πλήθους
1071 1185 1185 1238 τῶν
1223 1189 1302 1252 A,
1342 1188 1413 1252 Β,
1454 1187 1506 1237 Γ
1547 1184 1605 1237 οἱ
1639 1190 1716 1254 Α,
1751 1189 1825 1254 Β,
1858 1189 1922 1253 Γ,

229 1273 311 1322 Η·
353 1266 488 1342 ὅπερ
530 1274 642 1326 ἔδει
684 1273 875 1339 δεῖξαι.

1018 1426 1087 1459 κα
1114 1447 1126 1459 .

143 1513 198 1554 15
339 1488 487 1547 Ἐὰν
518 1491 736 1565 ἄρτιοι
769 1491 1046 1565 ἀριθμοὶ
1079 1491 1445 1549 ὁποσοιοῦν
1478 1496 1924 1564 συντεθῶσιν,

232 1577 261 1635 5
304 1579 457 1646 ὅλος
496 1579 723 1652 ἄρτιός
763 1584 955 1638 ἐστιν.

342 1675 795 1740 Συγκείσθωσαν
841 1670 949 1741 γὰρ
1000 1670 1185 1743 ἄρτιοι
1224 1668 1460 1743 ἀριθμοὶ
1508 1667 1817 1726 ὁποσοιοῦν
1874 1673 1931 1725 οι

230 1764 364 1829 ΑΒ,
409 1763 538 1830 ΒΓ,
579 1764 707 1830 ΓΔ,
751 1766 883 1815 ΔΕ·
939 1760 1108 1866 λέγω,
1165 1758 1250 1816 ὅτι
1306 1760 1436 1826 ὅλος
1486 1756 1516 1814 5
1572 1766 1687 1815 AE
1737 1757 1926 1831 αρτιός

231 1850 396 1904 ἐστιν.

141 1958 199 1998 20
338 1934 486 1992 Ἐπεὶ
526 1935 632 2008 γὰρ
674 1937 901 2003 εκαστος
938 1958 1052 1993 των
1091 1943 1226 2007 AB,
1259 1942 1388 2008 ΒΓ,
1430 1941 1558 2007 ΓΔ,
1592 1942 1709 1991 AE
1736 1935 1927 2008 α’ρτιός

232 2027 409 2095 ἐστιν,
457 2028 567 2097 ἔχει
614 2025 780 2097 μέρος
825 2025 1020 2097 ἥμισυ·
1077 2026 1216 2081 ὥστε
1262 2025 1356 2080 καὶ
1407 2023 1536 2091 ὅλος
1583 2022 1612 2080 5
1662 2032 1776 2080 AE
1818 2030 1927 2097 ἔχει

231 2116 397 2187 μέρος
444 2114 632 2186 ἥμισυ.
711 2113 900 2183 ἄρτιος
948 2114 1010 2170 δὲ
1056 2112 1302 2188 ἀριθμός
1349 2116 1499 2170 ἐστιν
1539 2111 1568 2169 5
1618 2117 1746 2186 δίχα
1786 2118 1926 2170 διαι-

233 2203 527 2276 ρούμενος·
577 2202 767 2275 ἄρτιος
806 2202 917 2276 ἄρα
958 2204 1108 2260 ἐστὶν
1150 2201 1179 2259 5
1222 2209 1352 2258 AE·
1401 2201 1536 2275 ὅπερ
1576 2206 1689 2259 ἔδει
1738 2204 1925 2270 δεῖξαι.

355 2337 580 2409 LSupra
619 2338 803 2392 πρῶτος
841 2337 947 2383 add.
996 2333 1025 2393 ἡ
1067 2339 1153 2381 ΕΖ
1191 2351 1246 2380 m
1298 2350 1389 2381 rec.
1429 2336 1483 2382 V.
1549 2334 1665 2380 εἰσίν
1702 2336 1760 2392 P,
1809 2334 1926 2380 εἰσὶν

233 2395 282 2441 οἷ
310 2412 354 2454 q.
447 2402 486 2443 2.
514 2392 743 2467 ἀριθμοί]
769 2410 860 2443 om.
891 2396 939 2440 F.
1035 2397 1099 2454 Γ]
1136 2396 1300 2453 (prius)
1328 2398 1412 2439 ΓΔ
1438 2395 1489 2451 F,
1514 2400 1557 2439 Δ
1582 2394 1670 2440 del.
1699 2411 1759 2440 m.
1783 2400 1819 2440 1.
1884 2401 1924 2440 6.

233 2453 462 2512 δυνατόν,
505 2453 649 2514 ἔστω]
690 2451 715 2500 ὃ
758 2459 808 2499 Η
846 2452 918 2501 ενὶ
957 2455 1049 2499 τῶν
1089 2459 1154 2511 A,
1186 2459 1243 2511 B,
1278 2457 1321 2499 Γ
1357 2452 1482 2499 ἐστιν
1521 2450 1547 2498 ὁ
1588 2450 1734 2505 αὐτός
1765 2454 1927 2499 Theon

234 2515 460 2573 (BFVq).
586 2518 752 2560 ’1.ΔΕ
816 2517 902 2559 ΖΕ
933 2515 982 2560 F.
1047 2515 1266 2572 μετροῦσι
1296 2514 1485 2570 BFVq.
1609 2514 1758 2585 AE]
1767 2515 1924 2560 ZEF.

234 2579 274 2619 8.
316 2575 426 2634 καί]
469 2572 552 2619 καὶ
591 2570 616 2618 5
658 2576 709 2617 Η
917 2574 1030 2649 ΕΖ]
1074 2576 1167 2618 ΔΕ
1205 2574 1254 2619 F.
1380 2578 1448 2617 10.
1487 2573 1595 2644 καί]
1637 2569 1662 2616 5
1696 2568 1839 2624 αὐτὸς
1871 2571 1924 2617 δὲ

234 2636 320 2677 καί
345 2633 397 2679 P.
539 2638 608 2679 11.
642 2631 758 2692 εἰσί]
794 2632 911 2678 εἰσὶν
943 2631 992 2678 οἴ
1022 2633 1074 2679 V.
1221 2639 1291 2678 13.
1325 2633 1401 2692 H]
1433 2634 1483 2676 H
1512 2628 1605 2687 ἄρα
1636 2635 1745 2678 ante
1777 2647 1867 2677 ras.
1900 2638 1926 2677 6

232 2694 323 2737 litt.
357 2693 407 2738 F.
546 2696 613 2737 15.
649 2708 733 2737 συν
758 2719 815 2725 -
840 2706 981 2750 supra
1014 2708 1099 2738 scr.
1131 2692 1184 2738 B.
1325 2698 1392 2738 16.
1427 2687 1528 2735 ἐστί
1557 2691 1658 2748 Vq,
1692 2705 1841 2748 comp.
1874 2692 1923 2737 F.

234 2757 303 2797 17.
337 2748 623 2811 ὁποσοιοῦν]
666 2766 691 2797 e
724 2765 839 2796 corr.
874 2753 928 2797 V.
1055 2758 1123 2797 18.
1165 2752 1281 2810 ΒΓ]
1322 2750 1371 2795 in
1409 2764 1496 2795 ras.
1537 2749 1588 2795 P.
1714 2751 1924 2822 PA]1n.

233 2817 259 2855 2
292 2811 347 2857 V.
470 2817 541 2857 21.
582 2812 719 2883 καί]
738 2825 877 2868 supra
915 2813 1004 2857 lac.
1044 2825 1253 2869 pergam
1285 2825 1347 2854 m.
1379 2824 1470 2855 rec.
1501 2810 1551 2854 F.
1675 2815 1745 2855 23.
1779 2806 1804 2854 5
1838 2811 1924 2853 ΑΕ

233 2887 327 2927 αρα
361 2866 485 2916 ἐστίν
517 2872 566 2915 F.
690 2865 810 2927 ὅπερ
845 2869 944 2915 ἔδει
977 2871 1157 2929 δεῖξαι]
1193 2884 1282 2915 om.
1315 2870 1364 2914 Β.
