1988 3152
236 175 346 227 204
881 174 1216 217 ΣΤοΙΧΕῙΩΝ
1247 170 1305 227 ζ’.

238 295 667 363 συναμφοτέρου
720 295 822 347 τοῦ
870 297 942 362 Γ,
976 297 1022 346 Ζ
1067 291 1134 346 τὰ
1182 289 1324 346 αὐτὰ
1377 293 1515 362 μέρη
1564 294 1735 362 ἐστίν,
1791 291 1930 365 ἅπερ

237 378 266 436 6
308 386 419 435 AB
458 383 559 435 τοῦ
599 383 660 434 Γ.

344 466 493 523 Ἐπεὶ
538 467 672 540 γάρ,
721 464 756 522 ἃ
804 469 941 539 μέρη
991 468 1142 524 ἐστὶν
1190 466 1219 523 6
1267 475 1378 523 AB
1424 472 1525 524 τοῦ
1564 475 1633 535 Γ,
1679 468 1745 526 τὰ
1787 467 1929 525 αὐτὰ

235 558 372 629 μέρη
419 561 514 611 καὶ
569 555 599 612 6
648 563 767 612 AE
807 561 910 612 τοῦ
958 563 1028 627 Ζ,
1084 556 1190 614 ὅσα
1237 556 1346 629 ἄρα
1394 558 1544 613 ἐστὶν
1592 561 1651 613 ἐν
1697 562 1772 634 τῷ
1820 564 1929 613 AB

177 662 202 701 5
235 647 373 718 μέρη
413 649 516 701 τοῦ
554 650 626 715 Γ,
672 645 916 701 τοσαῦτά
964 647 1078 701 ἐστι
1123 646 1215 701 καὶ
1269 648 1330 702 ἐν
1374 650 1450 719 τῷ
1494 653 1609 701 ΔΕ
1651 647 1787 718 μέρη
1827 649 1930 701 τοῦ

237 739 296 790 Ζ.
375 733 668 807 διῃρήσθω
711 731 740 790 6
782 734 885 805 μὲν
924 741 1034 789 ΑΒ
1073 738 1152 800 εἰς
1189 733 1255 789 τὰ
1295 739 1397 790 τοῦ
1438 739 1492 789 Γ
1523 736 1658 805 μέρη
1694 734 1761 790 τὰ
1793 741 1929 805 ΑΗ,

235 829 375 894 ΗΒ,
441 823 471 878 6
530 823 592 879 δὲ
647 829 765 878 ΔΕ
815 826 894 888 εἰς
946 821 1012 877 τὰ
1065 827 1167 878 τοῦ
1224 829 1268 877 Ζ
1323 825 1460 895 μέρη
1515 823 1581 878 τὰ
1640 829 1772 893 ΔΘ,
1805 830 1930 879 ΘΕ·

237 916 388 967 ἔσται
437 911 507 982 δὴ
555 918 683 967 ἴσον
729 911 790 967 τὸ
841 915 1060 983 πλῆθος
1103 915 1216 967 τῶν
1262 918 1405 982 ΑΗ,
1444 918 1558 967 ΗΒ
1605 916 1680 988 τῷ
1727 911 1932 983 πλήθει

235 1004 352 1057 ταῖν
387 1006 515 1067 ΛΘ,
549 1006 671 1055 ΘΕ.
747 1001 840 1055 καὶ
881 1002 1014 1070 ἐπεί,
1056 997 1085 1055 ὃ
1126 1002 1292 1072 μέρος
1331 1001 1482 1056 ἐστὶν
1522 1001 1551 1056 6
1586 1007 1711 1055 AH
1735 1003 1837 1056 τοῦ
1868 1006 1931 1071 Γ,

150 1104 204 1142 10
237 1089 299 1145 τὸ
349 1087 487 1145 αὐτὸ
536 1090 702 1161 μέρος
749 1090 864 1144 ἐστὶ
910 1089 1004 1143 καὶ
1051 1086 1081 1143 6
1131 1094 1241 1144 ΔΘ
1279 1093 1380 1144 τοῦ
1422 1095 1492 1158 Ζ,
1541 1085 1570 1144 ὃ
1611 1089 1720 1162 ἄρα
1768 1090 1934 1162 μέρος

238 1178 389 1234 ἐστὶν
436 1200 466 1233 ο
514 1184 641 1233 ΑΗ
679 1181 781 1233 τοῦ
820 1182 892 1247 Γ,
939 1177 1001 1232 τὸ
1052 1175 1188 1234 αὐτὸ
1236 1179 1401 1250 μέρος
1441 1178 1555 1233 ἐστὶ
1592 1179 1684 1232 καὶ
1724 1194 1931 1249 συναμ-

236 1266 472 1338 φότερος
520 1267 549 1322 6
597 1272 743 1336 AH,
786 1272 898 1321 ΔΘ
945 1268 1377 1339 συναμφοτέρου
1430 1270 1533 1322 τοῦ
1580 1271 1651 1334 Γ,
1694 1272 1753 1320 Ζ.
1837 1264 1931 1320 διὰ

235 1355 301 1410 τὰ
343 1351 484 1410 αὐτὰ
525 1353 595 1425 δὴ
635 1355 728 1409 καὶ
768 1351 797 1409 ὃ
840 1355 1004 1427 μέρος
1043 1355 1194 1410 ἐστὶν
1235 1353 1264 1410 6
1305 1361 1419 1410 ΗΒ
1456 1358 1557 1410 τοῦ
1597 1359 1660 1424 Γ,
1698 1353 1760 1410 τὸ
1796 1352 1932 1409 αὐτὸ

237 1444 404 1515 μέρος
443 1443 557 1498 ἐστὶ
595 1443 688 1497 καὶ
729 1443 1150 1515 συναμφότερος
1190 1441 1219 1499 6
1262 1450 1400 1514 ΗΒ,
1435 1450 1544 1498 ΘΕ
1587 1445 1933 1514 συναμφοτέ-

151 1546 204 1584 15
238 1554 343 1604 ρου
380 1535 483 1588 τοῦ
524 1536 595 1601 Γ,
630 1537 689 1586 Ζ.
763 1529 797 1585 ἃ
824 1529 956 1603 ’ἄρα
1003 1533 1141 1603 μέρη
1190 1532 1339 1587 ἐστὶν
1387 1532 1417 1587 6
1458 1539 1568 1587 AB
1607 1536 1708 1588 τοῦ
1750 1537 1820 1603 Γ,
1867 1531 1934 1587 τὰ

237 1619 377 1676 αὐτὰ
418 1621 555 1692 μέρη
598 1621 711 1676 ἐστὶ
750 1621 842 1675 καὶ
884 1620 1309 1693 συναμφότερος
1349 1621 1378 1676 6
1419 1627 1548 1692 ΑΒ,
1582 1628 1698 1676 ΔΕ
1725 1637 1933 1692 συναμ-

237 1710 483 1781 φοτέρου
521 1713 623 1764 τοῦ
663 1714 734 1779 Γ,
769 1715 835 1764 Ζ·
877 1707 1011 1781 ὅπερ
1053 1713 1166 1765 ἔδει
1207 1711 1396 1776 δεῖξαι.

345 1973 494 2031 Ἐὰν
534 1971 823 2048 ἀριθμὸς
862 1971 1158 2046 ἀριθμοῦ
1198 1975 1394 2047 μέρος
1432 1967 1494 2048 ᾖ,
1544 1973 1699 2047 ὅπερ
1740 1972 1932 2047 ἀφαι-

149 2085 205 2124 20
239 2064 462 2135 ρεθεὶς
516 2061 1025 2137 ἀφαιρεθέντος,
1085 2063 1192 2118 καὶ
1247 2062 1276 2119 6
1333 2062 1565 2129 λοιπὸς
1625 2067 1742 2119 τοῦ
1798 2070 1932 2120 λοι-

238 2156 363 2208 ποῦ
403 2151 472 2208 τὸ
507 2150 666 2208 αὐτὸ
701 2153 896 2224 μέρος
928 2156 1134 2222 ἔσται,
1167 2150 1324 2225 ὅπερ
1358 2150 1387 2207 6
1423 2150 1579 2217 ὅλος
1608 2155 1726 2207 τοῦ
1759 2150 1932 2208 ὅλου.

346 2239 612 2314 ’Λριθμὸς
650 2239 757 2312 γὰρ
799 2238 828 2296 6
869 2247 979 2296 AB
1018 2237 1269 2313 ἀριθμοῦ
1308 2232 1409 2296 τοῦ
1443 2246 1546 2296 ΓΔ
1577 2242 1743 2313 μέρος
1776 2245 1932 2311 ἔστω,

240 2327 375 2401 ὅπερ
418 2327 748 2403 ἀφαιρεθεὶς
787 2330 817 2385 6
859 2337 975 2386 AE
1009 2328 1419 2402 ἀφαιρεθέντος
1455 2333 1558 2385 τοῦ
1598 2335 1720 2385 ΓΖ·
1771 2331 1932 2401 λέγω,

239 2416 326 2473 ὅτι
364 2418 458 2473 καὶ
497 2417 690 2483 λοιπὸς
730 2418 759 2474 6
802 2424 907 2473 ΕΒ
945 2422 1147 2474 λοιποῦ
1186 2422 1288 2474 τοῦ
1332 2424 1439 2472 ΖΔ
1477 2418 1538 2474 τὸ
1581 2416 1716 2474 αὐτὸ
1767 2420 1933 2493 μέρος

151 2526 205 2565 25
240 2507 416 2575 ἐστίν,
458 2505 593 2579 ὅπερ
635 2507 763 2572 ὅλος
804 2505 833 2563 6
874 2513 983 2562 AB
1024 2505 1161 2563 ὅλου
1199 2511 1301 2562 τοῦ
1342 2511 1457 2563 ΓΔ.

358 2655 1070 2712 4.AE]Eecor1·.m..2F
1201 2651 1602 2728 5.ἔστι]οῑη.Β.
1735 2653 1929 2712 6ΑΗ]

238 2716 275 2756 A
309 2727 423 2758 corr.
457 2727 511 2757 ex
546 2718 587 2756 Δ
617 2713 665 2758 F.
821 2719 859 2758 7
893 2714 1014 2771 ΔΕ]
1047 2716 1141 2757 ΕΔ
1170 2729 1216 2770 p.
1364 2718 1431 2758 10.
1467 2711 1592 2758 ἐστίν
1623 2712 1720 2758 BF.
1860 2718 1929 2757 11.

241 2768 384 2830 ἐστίν]
421 2768 545 2816 ἐστὶν
580 2774 666 2816 καί
691 2773 748 2829 F,
783 2773 865 2817 sed
896 2774 984 2817 καί
1010 2773 1100 2818 del.
1237 2773 1346 2845 καί]
1381 2772 1459 2817 καὶ
1494 2767 1519 2817 6
1554 2788 1597 2829 p.
1738 2777 1807 2816 13.
1841 2769 1927 2829 δή]

240 2831 329 2876 del.
364 2847 423 2875 m.
457 2835 482 2874 2
516 2831 566 2874 P.
630 2809 748 2906 gott:
757 2833 812 2878 V.
934 2830 987 2876 τὸ
1029 2827 1147 2876 αὐτὸ
1189 2830 1328 2888 μέρος
1368 2827 1489 2889 ἐστί]
1533 2831 1615 2875 καὶ
1654 2828 1678 2874 6
1719 2833 1812 2875 ΕΘ
1843 2831 1928 2874 τοῦ

241 2894 296 2934 Ζ·
340 2908 364 2935 ο
408 2907 501 2943 αρα
543 2890 682 2946 μέρος
723 2888 818 2935 ἐστὶ
857 2888 908 2935 τὸ
953 2894 1043 2934 ΗΒ
1076 2908 1158 2935 του
1194 2891 1237 2934 Γ
1265 2890 1313 2934 Ρ.
1470 2895 1538 2934 14.
1571 2890 1679 2948 καί]
1715 2889 1794 2934 καὶ
1827 2885 1851 2933 ὃ
1885 2905 1928 2946 p.

302 2954 370 2994 15.
405 2944 466 3007 ἅ]
500 2963 640 3006 supra
669 2965 728 2994 m.
768 2957 787 2994 1
816 2951 871 2994 V.
995 2956 1062 2995 16.
1099 2946 1223 2994 ἐστίν
1254 2949 1647 3007 ΡΒ.18.ζ’]
1681 2963 1768 2993 om.
1796 2948 1851 3003 V,
1882 2949 1931 2991 in
