1988 3152
579 86 1039 130 ELEMENTORUM
1067 85 1249 128 LIBER
1279 84 1378 127 vn.
1718 79 1826 133 223

127 210 231 262 erit
270 210 450 262 autem
489 207 668 275 etiam,
706 210 767 259 ut
806 223 944 258 unus
975 203 1412 273 praecedentium
1445 201 1513 255 ad
1543 219 1712 254 unum
1745 219 1823 254 se-

130 298 422 367 quentium,
458 296 538 348 ita
577 312 765 349 omnes
803 294 1183 373 praecedentes
1217 293 1283 345 ad
1317 309 1504 345 omnes
1538 292 1823 360 sequentes

128 383 461 456 [propUXH]
501 402 666 454 quare
690 386 841 436 BH:
865 385 1065 435 EK=
1091 383 1230 434 ΒΓ;
1255 383 1374 433 ΕΖ.
1416 379 1514 433 sed
1533 378 1734 431 B'H=
1752 382 1823 448 A,

126 477 180 527 et
218 475 424 524 EK=
448 475 518 524 A.
573 490 737 540 quare
778 472 881 524 erit
910 475 1000 522 Α·
1026 473 1176 521 A—
1108 495 1176 512 =
1203 471 1345 522 ΒΓ·
1370 471 1491 522 ΕΖ.
1544 484 1672 538 ergo
1705 467 1823 520 uni-

123 565 208 614 tas
253 564 308 613 A
356 578 640 615 numerum
685 563 741 612 A
791 563 846 613 et
890 561 1004 612 ΒΓ
1044 576 1329 611 numerum
1368 560 1473 609 EZ
1525 556 1822 626 aequaliter

123 651 366 720 metitus,
405 649 549 720 quod
589 651 705 702 erat
743 647 1239 702 demonstrandum.

894 794 1040 849 XVI.

235 883 292 938 Si
332 884 435 939 duo
473 885 686 939 numeri
725 887 862 938 alter
903 886 1134 938 alterum
1164 884 1532 953 multiplicans
1565 901 1818 937 numeros

122 973 331 1044 aliquos
365 973 621 1039 efficiunt,
660 974 873 1027 numeri
906 973 1083 1026 effecti
1114 973 1257 1026 inter
1289 991 1345 1026 se
1372 973 1620 1043 aequales
1646 975 1819 1026 erunt.

233 1061 354 1116 Sint
393 1063 497 1116 duo
537 1063 747 1117 numeri
783 1067 853 1132 A,
891 1065 954 1132 Β,
994 1064 1047 1115 et
1086 1061 1159 1115 sit

539 1154 594 1202 A
617 1163 689 1206 ><
714 1153 856 1202 B—
787 1176 856 1193 =
883 1152 943 1220 Γ
982 1153 1029 1202 Β
1052 1162 1125 1206 ><
1150 1153 1298 1201 A=
1322 1152 1393 1203 A.

116 1240 253 1309 dioc,
292 1258 410 1294 esse
450 1242 590 1293 F=
614 1243 684 1293 A.

193 1356 198 1385 ι
426 1345 488 1385 ιΛ
909 1346 1038 1381 nam
1071 1327 1327 1396 quoniam
1359 1330 1414 1379 A
1433 1339 1502 1383 ><
1521 1330 1569 1380 Β
1587 1352 1657 1370 =
1677 1329 1736 1392 Γ,
1768 1330 1816 1380 Β

193 1434 661 1474 1———13
833 1435 1119 1470 numerum
1160 1418 1214 1469 Γ
1245 1417 1538 1470 secundum
1577 1417 1814 1470 unitates

135 1523 771 1564 1'1———-—-—1
832 1506 1045 1559 numeri
1067 1509 1122 1558 A
1145 1506 1382 1559 metitur.
1444 1524 1633 1559 uerum
1652 1505 1816 1558 etiam

765 1623 770 1652 ι
831 1596 1014 1648 unitas
1039 1598 1091 1647 E
1118 1612 1402 1647 numerum
1431 1598 1485 1646 A
1518 1594 1815 1647 seeundum

191 1713 295 1742 ι-ι
315 1700 356 1741 Ε
828 1685 1069 1738 unitates
1125 1684 1239 1737 eius
1293 1683 1529 1737 metitur.
1628 1684 1814 1752 itaque

114 1775 297 1827 unitas
344 1778 398 1827 E
446 1792 728 1827 numerum
774 1778 828 1826 A
884 1776 938 1826 et
983 1776 1032 1825 Β
1085 1790 1369 1826 numerum
1417 1774 1471 1825 Γ
1516 1772 1815 1843 aequaliter

115 1864 351 1917 metitur.
405 1863 588 1932 itaque
618 1863 970 1932 permutatim
1000 1862 1182 1915 unitas
1214 1865 1267 1914 E
1293 1880 1578 1915 numerum
1603 1865 1651 1914 Β
1683 1864 1737 1915 et
1758 1865 1814 1913 A

114 1970 399 2006 numerum
422 1953 475 2004 Γ
501 1952 798 2022 aequaliter
825 1951 1045 2006 metitur
1072 1953 1246 2021 [prop.
1270 1950 1415 2018 XV].
1469 1969 1655 2004 rursus
1683 1969 1813 2020 quo-

114 2042 260 2094 niam
298 2044 346 2094 Β
370 2052 442 2097 ><
466 2044 521 2092 A
543 2065 613 2084 =
637 2044 707 2110 A,
746 2045 800 2093 A
838 2059 1123 2094 numerum
1156 2044 1212 2092 A
1244 2039 1538 2094 seeundum
1570 2040 1812 2093 unitates

112 2130 322 2183 numeri
361 2133 407 2184 Β
455 2130 690 2183 metitur.
765 2148 956 2183 uerum
1003 2130 1168 2183 etiam
1214 2130 1396 2182 unitas
1437 2132 1490 2181 E
1527 2146 1812 2182 numerum

114 2221 161 2270 Β
209 2219 498 2272 seeundum
544 2220 778 2272 unitates
829 2219 943 2272 eius
991 2220 1227 2272 metitur.
1302 2219 1487 2288 itaque
1520 2206 1714 2271 'unitas
1762 2222 1816 2271 Ε

111 2324 396 2361 numerum
450 2310 498 2360 Β
560 2310 614 2361 et
666 2312 719 2360 A
776 2327 1061 2361 numerum
1114 2311 1170 2359 A
1226 2308 1523 2378 aequaliter
1574 2307 1811 2360 metitur.

112 2412 300 2448 uerum
337 2397 518 2450 unitas
551 2401 604 2450 E
637 2416 921 2451 numerum
952 2401 1000 2450 Β
1039 2401 1094 2452 et
1123 2402 1177 2450 A
1214 2415 1499 2452 numerum
1532 2398 1587 2450 Γ
1617 2415 1809 2466 aequa-

110 2566 224 2629 nic]
257 2584 348 2617 om.
380 2572 431 2617 P.
539 2567 771 2631 ἄρνθμόν]
806 2586 898 2617 om.
929 2571 979 2619 P.
1081 2573 1225 2630 μετρῇ
1260 2589 1312 2630 φ.
1423 2578 1492 2618 11.
1526 2573 1724 2617 ποιῶσιν
1756 2572 1807 2618 Β.

114 2632 183 2672 14.
215 2627 391 2701 ποιήτω
422 2630 487 2687 V,
519 2630 600 2675 sed
632 2645 746 2678 corr.
873 2636 940 2676 19.
974 2627 1031 2690 ἡ]
1066 2645 1218 2703 supra,
1237 2646 1298 2679 m.
1334 2636 1357 2675 1
1391 2647 1435 2689 p.
1470 2632 1543 2690 E]
1571 2646 1595 2676 e
1621 2646 1735 2676 corr.
1762 2647 1805 2688 p.

112 2691 183 2732 20.
222 2684 344 2747 αὐτῇ
384 2704 429 2746 p.
475 2665 611 2793 ἄρα]
646 2691 695 2735 in
732 2705 823 2736 ras.
856 2690 912 2736 V.
1035 2696 1107 2735 21.
1141 2686 1295 2743 ἰσάκις
1325 2707 1422 2749 apa
1453 2690 1575 2737 Pm.
1611 2697 1657 2747 1,
1691 2705 1805 2736 corr.

110 2760 172 2792 m.
211 2760 302 2792 rec.
423 2752 494 2793 22.
535 2746 709 2809 ἰσάκις]
752 2764 841 2795 om.
881 2764 925 2822 p
997 2746 1146 2807 μονὰς
1185 2747 1339 2803 ἰσάκις
1379 2766 1425 2808 p.
1547 2755 1619 2796 23.
1646 2725 1717 2809 A]
1759 2750 1809 2794 in

111 2817 200 2851 rau.
239 2821 299 2849 m.
341 2811 364 2850 1
406 2807 459 2851 B.
609 2814 680 2854 25.
720 2809 813 2869 τῷ]
855 2805 983 2866 αὐτῷ
1025 2810 1084 2867 Ρ,
1125 2823 1241 2856 corr.
1280 2824 1342 2855 m.
1382 2824 1474 2856 rec.
1621 2814 1691 2854 27.
1724 2806 1806 2853 τὸν

113 2870 156 2908 Δ
181 2890 235 2897 -
261 2870 339 2910 28:
372 2865 453 2911 καὶ
484 2862 510 2911 ὁ
541 2868 604 2924 A]
637 2882 727 2914 om.
759 2883 805 2926 p.
928 2855 1000 2914 28.
1034 2845 1236 2928 ἐμέτρει]
1269 2868 1330 2925 P,
1363 2873 1526 2928 μετρεῖ
1555 2868 1704 2924 Bqu.
