1988 3152
216 153 326 207 290
848 155 1185 198 ΣΤοΙΧΕΙΩΝ
1214 151 1282 211 η’.

216 279 293 328 Η·
342 270 446 328 οὐκ
493 271 604 342 ἄρα
649 271 828 343 μονάς
875 273 1027 327 ἐστιν
1083 269 1113 327 6
1163 278 1228 326 Ζ·
1275 270 1310 343 ἡ
1361 271 1469 343 γὰρ
1509 271 1686 344 μονὰς
1722 271 1904 327 πάντα

215 359 464 434 αριθμὸν
498 371 697 432 μετρεῖ.
766 365 865 415 καί
892 364 1036 415 εἰσιν
1068 363 1127 415 οἰ
1155 366 1219 431 Ζ,
1250 366 1298 415 Θ
1328 365 1537 434 πρῶτοι
1569 360 1708 431 πρὸς
1738 359 1905 431 ἀλλή-

215 456 350 514 λους
390 448 547 518 [οὐδὲ
589 446 618 504 6
660 455 706 503 Ζ
745 447 854 521 ἄρα
893 447 993 504 τὸν
1035 454 1083 504 Θ
1121 454 1346 522 μετρεΐ].
1421 453 1514 504 καί
1555 451 1706 504 ἐστιν
1753 446 1827 513 ὡς
1873 447 1902 503 6

218 544 263 592 Ζ
310 537 450 609 πρὸς
495 535 597 593 τὸν
645 543 717 607 Θ,
765 535 943 603 οὕτως
989 535 1017 593 6
1066 545 1120 592 A
1158 536 1297 609 πρὸς
1342 537 1444 594 τὸν
1483 543 1549 593 Γ·
1601 535 1735 593 οὐδὲ
1782 535 1811 592 6
1852 543 1906 591 A

157 644 183 683 5
216 624 326 697 ἄρα
379 625 480 681 τὸν
527 630 581 680 Γ
628 637 825 698 μετρεῖ.
911 624 1116 696 ὁμοίως
1171 627 1240 697 δὴ
1298 628 1575 697 δείξομεν,
1632 627 1716 682 ὅτι
1772 623 1906 681 οὐδὲ

215 713 384 780 ἄλλος
425 712 612 781 οὐδεὶς
651 713 859 770 οὐδένα
899 717 1173 786 μετρήσει·
1217 713 1350 785 ὅπερ
1392 718 1504 770 ἔδει
1545 717 1733 781 δεῖξαι.

320 978 469 1037 Ἐὰν
524 973 1111 1037 ὦσιν·ὁποσοιοῦν
1167 978 1448 1053 ἀριθμοὶ
1506 981 1698 1050 [ἑξῆς]
1749 978 1906 1035 οἶνοί-

214 1075 445 1140 λογον,
501 1067 530 1125 6
588 1068 651 1125 δὲ
704 1072 960 1141 πρῶτος
1012 1067 1127 1124 τὸν
1182 1073 1457 1140 ἔσχατον
1514 1071 1743 1141 μετρῇ,
1798 1068 1906 1123 καὶ

131 1168 184 1208 10
214 1156 332 1214 τὸν
372 1156 688 1230 δεύτερον
728 1156 1053 1229 μετρήσει.

312 1244 605 1302 ’Ἑστωσαν
659 1244 966 1302 ὁποσοιοῦν
1020 1243 1257 1317 ἀριθμοὶ
1320 1245 1444 1316 ἑξῆς
1506 1242 1791 1316 ἀνάλογον
1854 1248 1911 1300 οἱ

215 1343 293 1406 Α,
325 1341 397 1406 Β,
430 1340 502 1406 Γ,
537 1341 617 1405 Δ,
658 1333 688 1391 6
730 1335 791 1391 δὲ
831 1343 884 1391 A
921 1334 1022 1391 τὸν
1064 1341 1120 1389 A
1158 1339 1441 1406 μετρείτω·
1483 1335 1652 1404 λέγω,
1693 1334 1778 1389 ὅτι
1816 1334 1907 1389 καὶ

217 1421 247 1479 6
287 1431 342 1479 A
379 1422 482 1480 τὸν
521 1430 568 1479 Β
610 1435 808 1496 μετρεῖ.

328 1516 404 1568 Εἰ
454 1510 563 1584 γὰρ
612 1509 680 1567 οὐ
736 1523 924 1584 μετρεῖ
967 1511 997 1568 6
1046 1519 1100 1567 A
1145 1512 1246 1569 τὸν
1292 1519 1367 1583 Β,
1418 1511 1554 1569 οὐδὲ
1600 1511 1769 1579 ἄλλος
1815 1511 1908 1569 οὐ·

131 1618 184 1658 15
218 1601 333 1667 δεὶς
373 1598 580 1656 οὐδένα
619 1600 903 1672 μετρήσει·
950 1612 1139 1672 μετρεῖ
1175 1600 1237 1656 δὲ
1277 1599 1306 1657 6
1348 1609 1400 1657 A
1438 1600 1538 1658 τὸν
1580 1609 1649 1657 Δ.
1726 1612 1914 1674 μετρεῖ

217 1689 326 1762 ἄρα
364 1690 456 1744 καὶ
498 1686 528 1744 6
570 1695 623 1743 A
661 1688 761 1745 τὸν
801 1695 871 1744 Β·
927 1678 1217 1758 ὄπερέὃει
1257 1692 1448 1756 δεῖξαι.

1028 1874 1061 1922 η
1091 1894 1102 1906 .

333 1954 471 2011 Εὰν
511 1953 631 2010 δύο
674 1951 980 2026 ἀριθμῶν
1020 1953 1260 2025 μεταξὺ
1306 1954 1467 2010 κατὰ
1515 1953 1585 2011 τὸ
1636 1955 1910 2026 συνεχὲς

216 2043 553 2115 ἀνάλογον
616 2045 1024 2114 ἐμπίπτωσιν
1079 2040 1385 2114 ἀριθμοί,
1441 2041 1590 2098 ὅσοι
1645 2047 1738 2110 εἰς
1795 2042 1909 2099 αὐ-

128 2151 184 2191 20
216 2132 370 2199 τοὺς
431 2132 669 2204 μεταξὺ
728 2131 888 2186 κατὰ
950 2129 1021 2187 τὸ
1085 2131 1354 2203 συνεχὲς
1408 2128 1750 2203 ἀνάλογον
1806 2135 1909 2205 ἐμ-

215 2226 571 2277 πίπτουσιν
611 2219 915 2293 ἀριθμοί,
962 2223 1273 2276 τοσοῦτοι
1310 2221 1417 2275 καὶ
1458 2224 1552 2286 εἰς
1589 2220 1743 2287 τοὺς
1793 2221 1909 2278 τὸν

217 2308 418 2365 αὐτὸν
457 2310 660 2381 λόγον
701 2314 972 2382 ἔχοντας
1022 2307 1296 2379 [αὐτοῖς]
1346 2295 1586 2380 μεταξὺ
1634 2310 1796 2365 κατὰ
1836 2310 1907 2367 τὸ

217 2398 487 2470 συνεχὲς
526 2396 864 2469 ἀνάλογον
905 2399 1367 2469 ἐμπεσοῦνται.

330 2486 455 2542 Δύο
517 2486 627 2557 γὰρ
690 2485 955 2558 ἀριθμῶν
1010 2489 1124 2542 τῶν
1177 2492 1249 2556 Α,
1282 2492 1330 2541 Β
1390 2486 1595 2558 μεταξὺ
1654 2486 1791 2542 κατὰ
1846 2486 1909 2543 τὸ

129 2597 184 2637 25
219 2575 444 2647 συνεχὲς
497 2573 782 2647 ἀνάλογον
842 2575 1257 2647 ἐμπιπτέτωσαν
1312 2574 1548 2647 ἀριθμοὶ
1605 2578 1663 2631 οἱ
1716 2580 1787 2646 Γ,
1837 2583 1909 2646 Δ,

337 2758 377 2798 2.
373 2758 579 2826 μετρεῖ
601 2747 812 2809 ἀριθμόν
845 2753 947 2808 Vq).
1093 2754 1179 2796 καί
1206 2750 1354 2810 εἰσιν]
1395 2765 1485 2798 0111.
1519 2768 1568 2807 φ.
1716 2757 1756 2796 3.
1791 2747 1906 2797 οὐδὲ

220 2809 244 2857 6
290 2815 325 2856 Z
363 2828 459 2869 αρα
498 2809 582 2856 τὸν
625 2813 666 2855 Θ
703 2812 890 2870 μετρεῖ]
939 2825 1028 2856 0111.
1069 2812 1119 2856 Ρ.
1273 2816 1312 2855 6.
1360 2814 1525 2868 μετρεῖ
1564 2809 1715 2867 Bch.
1868 2816 1910 2856 8.

221 2868 353 2929 ἑξῆς]
388 2885 478 2915 om.
510 2870 559 2916 P.
713 2876 752 2916 9.
789 2869 1005 2929 ἔσχατον]
1045 2871 1095 2914 in
1132 2885 1221 2914 ras.
1254 2869 1309 2915 V.
1463 2873 1532 2915 10.
1574 2868 1820 2928 δεύτερον]
1862 2869 1910 2913 in

219 2944 308 2974 ras.
342 2930 396 2974 V.
522 2934 590 2973 12.
624 2930 734 2988 καί]
777 2945 864 2975 om.
908 2947 957 2986 φ.
1082 2935 1151 2974 14.
1185 2924 1270 2987 οὗ]
1312 2925 1373 2986 μή
1413 2929 1562 2984 13an
1688 2934 1756 2973 15.
1796 2930 1912 2973 Post
