1988 3152
234 177 344 230 292
852 178 1188 221 ΣΤΟΙΧΕΙῼΝ
1218 178 1282 234 η’.

233 297 328 351 καὶ
380 297 708 367 πεποιήσθω
764 292 838 360 ὡς
900 292 930 351 6
984 303 1038 351 A
1090 295 1228 366 πρὸς
1280 295 1379 352 τὸν
1432 302 1504 366 Β,
1562 296 1739 361 οὕτως
1797 293 1826 351 6
1874 302 1926 351 Ε

233 383 371 456 πρὸς
415 383 516 440 τὸν
565 390 632 438 Ζ·
686 385 855 455 λέγω,
903 382 989 440 ὅτι
1040 385 1164 440 ὅσοι
1211 389 1290 451 εἰς
1336 384 1469 452 τοὺς
1514 392 1593 456 A,
1626 391 1672 440 Β
1722 383 1924 456 μεταξὺ

233 471 371 527 κατὰ
410 471 472 528 τὸ
515 472 740 544 συνεχὲς
778 470 1063 543 άνάλογον
1096 473 1511 544 ἐμπεπτώκασιν
1543 472 1797 546 ἀριθμοί,
1837 495 1926 529 το-

235 564 427 616 σοῦτοι
481 561 575 616 καὶ
629 565 708 627 εἰς
751 560 885 627 τοὺς
930 567 1004 632 Ε,
1039 568 1083 617 Ζ
1138 562 1339 633 μεταξὺ
1384 562 1522 618 κατὰ
1578 562 1641 619 τὸ
1699 562 1925 633 συνεχὲς

175 664 202 701 5
236 646 521 719 ἀνάλογον
561 651 945 720 ἐμπεσοῦνται.

330 735 488 792 Ὅσοι
526 737 634 808 γάρ
675 741 783 793 εἰσι
820 742 897 814 τῷ
937 738 1143 809 πλήθει
1185 740 1242 794 οἱ
1279 745 1358 808 Α,
1391 744 1463 808 Β,
1499 744 1566 809 Γ,
1603 749 1680 809 A,
1727 743 1925 795 τοσοῦ-

233 847 320 881 τοι
375 827 740 898 εἰλήφθωσαν
796 826 1074 899 ἐλάχιστοι
1130 825 1365 898 ἀριθμοὶ
1419 831 1534 883 τῶν
1594 826 1695 883 τὸν
1751 825 1925 883 αὐτὸν

230 913 406 985 λόγον
447 914 690 986 ἐχόντων
730 925 846 980 τοῖς
884 922 964 985 A,
999 919 1068 985 Γ,
1103 923 1184 985 A,
1219 921 1264 970 Β
1314 918 1372 970 οἰ
1408 921 1489 984 Η,
1522 921 1594 985 Θ,
1628 920 1706 983 Κ,
1749 921 1822 969 Λ”
1873 918 1931 970 οἱ

233 1002 345 1075 ἄρα
398 1001 563 1075 ἄκροι
618 1001 805 1059 αὐτῶν
862 1006 919 1058 οἰ
966 1009 1048 1074 Η,
1081 1009 1133 1058 A
1188 1007 1396 1075 πρῶτοι
1450 1002 1590 1074 πρὸς
1652 1001 1928 1074 ἀλλήλους

146 1107 202 1147 10
235 1095 393 1147 εἰσίν.
467 1091 562 1147 καὶ
602 1092 718 1148 ἐπεὶ
758 1094 816 1147 οἰ
851 1099 930 1163 A,
963 1098 1034 1163 Γ,
1069 1100 1148 1162 A,
1180 1098 1227 1147 Β
1267 1104 1384 1157 τοῖς
1433 1098 1515 1162 Η,
1547 1099 1620 1163 Θ,
1654 1098 1735 1161 Κ,
1768 1098 1819 1146 Λ
1867 1094 1927 1148 ἐν

234 1183 310 1252 τῷ
358 1177 509 1255 αὐτῷ
556 1179 705 1254 λόγῳ
747 1183 916 1250 εἰσίν,
963 1186 1060 1236 καί
1095 1183 1246 1236 ἐστιν
1288 1188 1413 1236 ἴσον
1452 1179 1515 1236 τὸ
1555 1184 1775 1251 πλῆθος
1812 1184 1927 1236 τῶν

234 1274 304 1340 A,
334 1273 398 1337 Γ,
433 1275 506 1338 A,
538 1273 585 1322 Β
623 1271 700 1344 τῷ
740 1268 945 1340 πλήθει
976 1272 1091 1324 τῶν
1122 1273 1197 1338 H,
1231 1274 1296 1339 Θ,
1329 1274 1401 1334 K,
1436 1275 1505 1338 A,
1546 1267 1621 1323 δι’
1660 1275 1788 1324 ἴσου
1819 1268 1928 1339 ἄρα

236 1357 390 1413 ἐστὶν
429 1354 503 1422 ὡς
543 1354 573 1412 6
615 1365 668 1412 A
706 1356 846 1428 πρὸς
883 1356 983 1413 τὸν
1023 1363 1097 1427 Β,
1146 1356 1324 1423 οὕτως
1371 1355 1399 1413 ὁ
1442 1363 1506 1412 Η
1537 1355 1677 1429 πρὸς
1722 1356 1822 1413 τὸν
1864 1364 1930 1414 Λ.

238 1443 312 1511 ὡς
352 1445 413 1500 δὲ
454 1442 483 1500 6
524 1451 578 1499 A
617 1443 757 1518 πρὸς
794 1444 896 1502 τὸν
936 1451 1008 1517 Β,
1051 1446 1228 1511 οὕτως
1268 1444 1298 1501 6
1339 1452 1392 1501 Ε
1427 1445 1564 1518 πρὸς
1595 1445 1696 1501 τὸν
1730 1452 1796 1501 Ζ·
1837 1447 1928 1502 καὶ

150 1558 206 1597 15
238 1531 312 1600 ὡς
357 1531 467 1605 ἄρα
514 1531 544 1589 6
592 1539 659 1588 H
695 1532 834 1605 πρὸς
879 1533 980 1590 τὸν
1028 1542 1106 1604 A,
1154 1533 1332 1599 οὕτως
1380 1532 1409 1590 6
1455 1540 1510 1589 Ε
1551 1533 1690 1605 πρὸς
1727 1532 1828 1590 τὸν
1870 1541 1929 1591 Ζ.

238 1625 297 1678 οἱ
341 1621 402 1677 δὲ
448 1627 532 1692 Η,
566 1628 616 1676 Λ
662 1625 899 1694 πρῶτοι,
947 1625 1006 1678 οἱ
1042 1622 1103 1678 δὲ
1142 1626 1353 1693 πρῶτοι
1391 1622 1484 1677 καὶ
1525 1623 1828 1695 ἐλάχιστοι,
1876 1627 1934 1679 οἱ

238 1710 302 1767 δὲ
341 1709 620 1782 ἐλάχιστοι
660 1709 895 1782 ἀριθμοὶ
936 1714 1199 1782 μετροῦσι
1238 1708 1371 1775 τοὺς
1409 1709 1510 1765 τὸν
1544 1709 1718 1767 αὐτὸν
1758 1712 1931 1783 λόγον

238 1804 467 1872 ἔχοντας
505 1798 686 1864 ἰσάκις
734 1797 765 1854 ὅ
812 1820 869 1855 τε
917 1805 1117 1870 μείζων
1163 1797 1264 1855 τὸν
1305 1803 1530 1869 μείζονα
1568 1799 1662 1855 καὶ
1703 1797 1732 1855 ὁ
1776 1799 1932 1856 ἐλάσ-

239 1904 357 1943 σων
409 1884 510 1942 τὸν
565 1886 869 1958 ἐλάσσονα,
931 1889 1218 1943 τουτέστιν
1274 1885 1305 1943 ὅ
1351 1909 1410 1942 τε
1462 1885 1776 1959 ἡγούμενος
1831 1887 1931 1944 τὸν

150 1995 208 2035 20
240 1973 562 2047 ’ἱγούμενον
622 1976 716 2030 καὶ
778 1974 808 2032 6
874 1976 1143 2047 ἑπόμενος
1203 1974 1303 2031 τὸν
1366 1974 1657 2047 ἑπόμενον.
1751 1975 1931 2041 ἰσάκις

240 2063 351 2136 ἄρα
390 2061 419 2120 6
468 2068 535 2118 H
570 2061 671 2118 τὸν
717 2068 771 2118 Ε
812 2075 1000 2135 μετρεῖ
1041 2064 1132 2119 καὶ
1182 2060 1212 2118 6
1261 2071 1312 2119 A
1350 2063 1451 2119 τὸν
1492 2070 1551 2119 Ζ.
1622 2061 1815 2130 ὁσάκις
1862 2063 1930 2134 δὴ

240 2151 270 2209 6
319 2158 387 2208 H
421 2151 523 2208 τὸν
569 2158 623 2208 Ε
665 2164 876 2225 μετρεῖ,
922 2151 1254 2217 τοσαυτάκις
1292 2154 1384 2208 καὶ
1425 2151 1680 2223 ἑκάτερος
1718 2155 1832 2209 τῶν
1871 2158 1932 2225 Θ,

241 2247 300 2297 Κ
334 2240 600 2313 ἑκάτερον
638 2244 752 2296 τῶν
791 2247 875 2312 Μ,
915 2247 980 2297 Ν
1011 2246 1297 2314 μετρείτω·
1337 2243 1396 2297 οἰ
1430 2246 1505 2312 Η,
1539 2247 1603 2312 Θ,
1638 2247 1709 2311 Κ,
1743 2248 1793 2297 A
1825 2240 1934 2314 ἄρα

240 2329 372 2396 τοὺς
418 2336 489 2402 Ε,
523 2336 612 2400 Μ,
646 2336 728 2401 Ν,
762 2336 806 2385 Ζ
854 2329 1035 2396 ἰσάκις
1074 2333 1385 2403 μετροῦσιν.
1458 2332 1516 2385 oc
1551 2335 1633 2401 Η,
1665 2337 1735 2401 Θ,
1770 2337 1849 2403 Κ,
1883 2337 1934 2387 Λ

153 2438 210 2479 25
243 2417 353 2492 ἄρα
390 2430 507 2484 τοῖς
545 2425 611 2488 Ε,
647 2425 728 2489 Μ,
762 2425 837 2490 Ν,
872 2425 916 2474 Ζ
956 2421 1017 2474 ἐν
1057 2422 1133 2495 τῷ
1175 2417 1325 2495 αὐτῷ
1366 2418 1514 2495 λόγῳ
1555 2422 1712 2475 εἰσίν.
1790 2418 1931 2475 ἀλλὰ

245 2510 302 2564 οἱ
337 2513 419 2576 Η,
453 2513 523 2578 Θ,
562 2513 636 2577 Κ,
671 2514 721 2563 Λ
765 2519 882 2573 τοῖς
928 2514 1005 2577 Α,
1039 2513 1109 2577 Γ,
1143 2515 1223 2578 A,
1256 2513 1302 2562 Β
1350 2509 1411 2563 ἐν
1456 2510 1532 2581 τῷ
1580 2504 1730 2584 αὐτῷ
1783 2509 1932 2582 λόγῳ

364 2720 405 2759 3.
438 2712 524 2773 τό]
556 2710 638 2758 τόν
672 2731 722 2770 φ.
846 2719 886 2760 6.
922 2713 1040 2759 εἰσιν
1071 2715 1123 2758 Β.
1248 2719 1286 2759 7.
1320 2711 1370 2758 οἷ
1405 2709 1635 2784 ἐλάχιστοι
1666 2713 1769 2767 Vm.
1891 2717 1932 2758 8.

248 2775 570 2831 Γ,Δ,Β]Β,
606 2773 902 2830 Γ,φΔΒῖΤ
1063 2771 1135 2832 οἱ]
1170 2787 1286 2819 corr.
1318 2769 1607 2823 extodcm.
1642 2772 1754 2817 lV.
1891 2777 1932 2817 9.

246 2832 320 2892 οἷ]
354 2847 443 2878 om
477 2833 526 2878 P.
681 2839 750 2878 10.
786 2831 923 2891 εἰσίν]
966 2831 1061 2877 εἰσί
1086 2833 1173 2889 Vq>
1341 2831 1423 2876 καὶ
1462 2827 1648 2876 ἐπεί-
1675 2837 1752 2876 11:
1793 2830 1931 2889 εἰσίν]
1987 2846 1988 2893 j

246 2906 337 2997 5?-
351 2909 436 2995 1⁸6}
467 2897 610 3010 A]1(34
640 2892 708 2995 Β]
740 2890 1546 3008 1Π1ἔὸὃέχῗντέἕειξυιτθοειςΙΒξξ.ν
1558 2896 1731 3008 19.1τ1ε]
1751 2889 1858 2994 εέξιξ.
1877 2890 1932 2994 'g-
1981 2899 1988 2980 J
