1988 3152
165 1015 219 1053 10

166 1465 218 1504 15

163 1909 220 1948 20

110 2344 221 2391 χ25

253 84 361 137 364
878 86 1214 128 ΣΤοΙΧΕΙΩΝ
1243 82 1316 129 θ’.

253 200 495 272 ἅπαντα,
545 200 612 257 ὃν
659 200 732 272 μὴ
781 213 990 273 μετρεῖ,
1037 202 1254 274 πρῶτός
1301 206 1472 259 ἐστιν·
1522 207 1581 260 οἰ
1624 211 1697 274 Ε,
1737 211 1790 259 Α
1828 203 1940 276 ἄρα

251 293 459 361 πρῶτοι
507 289 645 357 πρὸς
691 286 968 360 ἀλλήλους
1016 293 1174 346 εἰσίν.
1249 291 1341 346 καὶ
1397 293 1512 347 ἐπεὶ
1561 290 1590 348 5
1641 298 1693 347 Ε
1737 291 1838 348 τὸν
1885 299 1942 347 A
1983 327 1988 329 -

252 389 458 449 μετρεῖ,
499 381 759 449 μετρείτω
801 376 972 434 αὐτὸν
1011 379 1149 434 κατὰ
1188 380 1289 435 τὸν
1331 386 1396 434 Ζ·
1446 378 1475 435 5
1516 386 1568 435 Ε
1603 379 1712 452 άρα
1750 379 1852 435 τὸν
1894 387 1939 435 Ζ

252 455 740 528 πολλαπλασιάσας
784 462 884 519 τὸν
925 471 980 519 A
1018 470 1329 536 πεποίηκεν.
1407 465 1603 538 πάλιν,
1653 469 1767 523 ἐπεὶ
1816 466 1845 524 5
1889 477 1941 524 A

251 555 351 610 τὸν
393 560 448 608 Δ
487 563 675 625 μετρεῖ
709 552 845 607 κατὰ
886 552 984 618 τὰς
1024 555 1083 609 ἐν
1121 557 1195 627 τῷ
1237 559 1289 609 Γ
1336 555 1611 626 μονάδας,
1661 554 1690 612 5
1731 565 1784 611 A
1830 556 1939 628 ἄρα

250 641 352 698 τὸν
399 647 453 697 Γ
491 641 978 707 πολλαπλασιάσας
1022 642 1124 696 τὸν
1164 649 1220 696 A
1258 647 1570 748 πεποίηκεν.
1649 642 1788 700 ἀλλὰ
1829 644 1942 715 μὴν

251 731 342 786 καὶ
382 728 412 787 5
453 737 507 785 E
540 729 639 786 τὸν
681 736 725 784 Ζ
765 729 1252 795 πολλαπλασιάσας
1277 727 1390 786 τὸν
1439 738 1494 785 A
1539 737 1860 803 πεποᾚηκεν
1910 731 1940 789 5

251 818 360 891 άρα
400 821 457 875 ἐκ
495 823 609 875 τῶν
658 827 735 889 Α,
767 824 820 874 Γ
861 825 980 883 ἴσος
1028 819 1140 873 ἐστὶ
1181 821 1256 893 τῷ
1300 820 1357 874 ἐκ
1396 821 1508 874 τῶν
1548 827 1623 891 Ε,
1658 827 1718 876 Ζ.
1788 826 1939 877 ἔστιν

251 905 359 975 ἄρα
411 903 485 971 ὥς
532 904 562 962 5
609 915 662 962 A
708 906 847 980 πρὸς
891 905 991 963 τὸν
1038 913 1112 976 Ε,
1162 904 1191 962 5
1241 913 1284 962 Z
1323 906 1461 979 πρὸς
1498 907 1597 964 τὸν
1645 914 1706 965 Γ.
1785 912 1842 964 os
1879 910 1940 965 δὲ

253 1002 328 1066 Α,
362 1001 415 1050 Ε
449 998 676 1067 πρῶτοι,
719 998 778 1051 οἱ
813 995 875 1052 δὲ
913 999 1124 1068 πρῶτοι
1162 995 1255 1051 καὶ
1296 996 1590 1068 ἐλάχιστοι,
1631 1001 1689 1053 οἱ
1725 997 1786 1053 δὲ
1818 997 1939 1053 ἐλά-

251 1101 428 1155 χιστοι
468 1087 733 1157 μετροῦσι
771 1084 903 1150 τοὺς
933 1084 1033 1140 τὸν
1066 1083 1241 1140 αὐτὸν
1273 1084 1446 1155 λόγον
1487 1089 1713 1157 ἔχοντας
1757 1085 1939 1152 ἰσάκις

252 1170 284 1227 ὅ
330 1195 386 1228 τε
433 1170 747 1244 ἡγούμενος
791 1172 893 1229 τὸν
939 1170 1259 1244 ἡγούμενον
1305 1175 1396 1229 καὶ
1445 1172 1473 1229 5
1529 1174 1799 1245 ἑπόμενος
1837 1174 1940 1230 τὸν

251 1260 548 1332 ἑπόμενον·
604 1271 794 1333 μετρεῖ
836 1259 943 1332 ἄρα
993 1259 1021 1316 5
1071 1267 1123 1315 Ε
1164 1260 1263 1317 τὸν
1311 1267 1370 1317 Γ.
1455 1267 1716 1335 μετρείτω
1765 1261 1942 1319 αὐτὸν

250 1349 387 1405 κατὰ
440 1349 540 1406 τὸν
588 1356 666 1404 Η·
724 1347 752 1405 5
802 1355 854 1404 Ε
900 1348 1011 1421 ἄρα
1056 1348 1156 1405 τὸν
1202 1355 1269 1404 Η
1307 1351 1794 1417 πολλαπλασιάσας
1840 1350 1942 1408 τὸν

251 1443 305 1494 Γ
342 1443 656 1510 πεποίηκεν.
735 1437 875 1494 ἀλλὰ
932 1437 1043 1510 μὴν
1100 1438 1193 1494 διὰ
1244 1438 1306 1495 τὸ
1362 1438 1467 1513 πρὸ
1515 1439 1720 1496 τούτου
1767 1441 1859 1495 καὶ
1911 1438 1940 1496 5

252 1534 304 1582 A
347 1526 451 1583 τὸν
498 1533 544 1582 Β
595 1527 1083 1593 πολλαπλασιάσας
1126 1527 1228 1583 τὸν
1277 1533 1330 1583 Γ
1369 1533 1682 1599 πεποίηκεν.
1762 1526 1790 1584 5
1832 1528 1942 1600 ἄρα

253 1618 311 1671 ἐκ
348 1620 462 1671 τῶν
502 1623 579 1686 Α,
612 1621 658 1670 Β
700 1623 820 1681 ἴσος
859 1616 971 1671 ἐστὶ
1011 1618 1086 1691 τῷ
1129 1618 1188 1671 ἐκ
1225 1620 1339 1672 τῶν
1387 1623 1460 1687 Ε,
1493 1623 1563 1672 Η.
1637 1623 1787 1673 ἔστιν
1829 1617 1940 1689 ἄρα

253 1703 327 1770 ὡς
366 1702 395 1760 5
437 1712 490 1759 A
529 1703 668 1776 πρὸς
705 1703 806 1759 τὸν
847 1711 924 1775 Ε,
967 1702 996 1759 5
1038 1711 1102 1759 H
1134 1703 1272 1777 πρὸς
1310 1703 1410 1760 τὸν
1450 1711 1512 1760 Β.
1590 1708 1648 1761 οἶ
1685 1706 1747 1762 δὲ
1787 1714 1855 1776 Α,
1891 1713 1944 1761 Ε

251 1796 488 1865 πρῶτοι,
537 1795 595 1848 οἱ
639 1792 700 1848 δὲ
731 1796 940 1864 πρῶτοι
980 1794 1071 1848 καὶ
1113 1792 1415 1864 ἐλάχιστοι,
1463 1797 1522 1848 οί
1557 1794 1619 1850 δὲ
1659 1796 1939 1867 ἐλάχιστοι

253 1881 488 1954 ἀριθμοὶ
535 1884 798 1954 μετροῦσι
836 1880 968 1948 τοὺς
1005 1879 1105 1936 τὸν
1145 1879 1321 1937 αὐτὸν
1359 1880 1533 1952 λόγον
1573 1885 1800 1954 ἔχοντας
1841 1882 1941 1939 αὐ-

250 1982 367 2037 τοῖς
428 1969 608 2035 ἰσάκις
662 1969 695 2024 ὅ
748 1992 803 2025 τε
858 1967 1170 2040 ἡγούμενος
1222 1968 1323 2026 τὸν
1376 1968 1699 2041 ἡγούμενον
1752 1972 1846 2027 καὶ
1910 1970 1940 2027 5

253 2058 523 2130 ἑπόμενος
559 2056 660 2114 τὸν
700 2056 995 2129 ἑπόμενον·
1059 2069 1247 2129 μετρεῖ
1281 2058 1390 2129 ἄρα
1431 2056 1461 2114 5
1502 2065 1555 2113 E
1590 2057 1688 2114 τὸν
1728 2066 1789 2116 Β.
1852 2083 1943 2133 με-

251 2151 444 2219 τρείτω
500 2145 673 2203 αὐτὸν
718 2146 856 2202 κατὰ
905 2145 1006 2202 τὸν
1046 2152 1114 2201 Θ·
1171 2143 1199 2201 5
1251 2153 1302 2201 E
1345 2143 1455 2218 ἄρα
1501 2146 1602 2203 τὸν
1648 2154 1696 2203 Θ
1742 2156 1944 2205 πολλα-

252 2235 562 2302 πλασιάσας
598 2235 700 2292 τὸν
739 2242 787 2291 Β
825 2240 1138 2306 πεποίηκεν.
1208 2233 1348 2290 ἀλλὰ
1386 2234 1500 2307 μὴν
1538 2237 1630 2292 καὶ
1671 2235 1699 2292 5
1734 2245 1787 2293 A
1818 2238 1943 2293 ἑαυ-

255 2323 355 2380 τὸν
395 2323 884 2391 πολλαπλασιάσας
922 2323 1023 2380 τὸν
1064 2330 1110 2380 Β
1150 2330 1469 2395 πεποίηκεν·
1512 2323 1540 2380 5
1583 2323 1692 2397 ἄρα
1732 2328 1790 2381 ἐκ
1829 2330 1942 2382 τῶν

254 2420 327 2484 Ε,
360 2419 408 2469 Θ
447 2421 566 2479 ἴσος
613 2413 726 2470 ἐστὶ
772 2416 848 2490 τῷ
896 2411 1005 2468 άπὸ
1052 2415 1155 2469 τοῦ
1201 2421 1268 2469 Α.
1339 2417 1488 2468 ἔστιν
1537 2414 1644 2486 ἄρα
1693 2411 1768 2481 ὡς
1816 2413 1844 2471 5
1893 2422 1946 2470 Ε

252 2503 390 2575 πρὸς
428 2500 527 2558 τὸν
569 2510 644 2573 Α,
698 2500 727 2557 5
770 2509 822 2557 A
860 2501 1000 2573 πρὸς
1037 2501 1140 2557 τὸν
1178 2507 1238 2557 Θ.
1317 2504 1376 2557 oc
1412 2501 1474 2557 δὲ
1514 2509 1592 2573 Α,
1626 2509 1679 2557 Ε
1713 2507 1942 2576 πρῶτοι,

255 2594 313 2646 οἱ
348 2590 411 2646 δὲ
449 2594 658 2663 πρῶτοι
697 2590 790 2645 καὶ
830 2589 1128 2661 ἐλάχιστοι,
1171 2592 1230 2645 οἰ
1266 2588 1327 2645 δὲ
1360 2588 1636 2661 ἐλάχιστοι
1677 2595 1939 2665 μετροῦσι

254 2679 387 2745 τοὺς
425 2678 525 2735 τὸν
559 2677 733 2734 αὐτὸν
774 2678 947 2749 λόγον
993 2682 1220 2750 ἔχοντας
1260 2676 1439 2743 ἰσάκις
1478 2676 1510 2734 ὅ
1541 2700 1597 2734 τε
1630 2677 1941 2752 ἡγούμενος

371 2803 412 2842 2.
447 2795 537 2841 εἰσι
567 2797 655 2853 Vq>
778 2802 820 2841 4.
854 2799 1084 2853 πεποίηκε
1120 2797 1221 2852 Vq).
1323 2802 1362 2841 9.
1408 2792 1556 2848 οὕτως
1595 2794 1619 2842 ὁ
1659 2800 1693 2841 Ζ
1723 2797 1775 2842 Β.
1871 2803 1940 2843 10.

255 2854 303 2900 οἷ
332 2854 383 2901 δε
419 2813 676 2914 ἐλάχιστοι]
710 2871 770 2900 m.
804 2861 830 2899 2
864 2855 914 2898 B.
1011 2861 1081 2900 11.
1115 2853 1217 2914 τόν]
1245 2869 1332 2900 om.
1360 2855 1410 2901 B.
1507 2861 1573 2900 12.
1610 2857 1679 2915 τε]
1704 2856 1754 2901 in
1777 2870 1864 2902 ras.
1891 2875 1940 2913 φ.
