1988 3152
248 181 358 234 316
878 183 1216 227 ΣΤοΙΧΕΙΩΝ
1245 180 1312 240 η’.

361 298 463 371 Μὴ
490 304 750 371 μετρείτω
778 299 896 370 [δὴ]
923 300 1091 356 πάλιν
1118 300 1147 356 6
1174 306 1227 356 Γ
1257 299 1357 356 τὸν
1378 307 1455 355 Λ·
1495 301 1655 372 λέγω,
1689 300 1774 356 ὅτι
1806 297 1939 356 οὐδὲ

249 385 279 443 6
320 395 374 442 A
413 387 513 443 τὸν
552 394 599 442 Β
640 388 914 459 μετρήσει.

359 479 434 530 Εἰ
470 475 578 548 γὰρ
617 488 808 549 μετρεῖ
843 474 873 532 6
913 483 969 532 A
1005 476 1107 533 τὸν
1148 484 1219 547 Β,
1261 478 1519 549 μετρήσει
1556 477 1649 532 καὶ
1690 477 1718 532 6
1755 482 1807 531 Γ
1837 476 1939 532 τὸν

251 571 319 618 A.
397 561 466 619 οὐ
512 575 701 636 μετρεῖ
743 564 805 620 δὲ
846 562 875 620 6
916 569 970 620 Γ
1008 563 1108 620 τὸν
1150 573 1225 620 A·
1275 563 1398 621 οὐδ’
1441 565 1550 638 ἄρα
1591 588 1620 621 ο
1661 572 1715 620 Α
1752 565 1853 621 τὸν
1892 570 1940 619 Β

190 657 216 697 5
249 651 528 723 μετρήσει·
571 651 709 723 ὅπερ
751 656 864 708 ἔδει
904 655 1094 719 δεῖξαι.

1053 813 1136 881 ιζ’.

355 913 506 971 Ἐὰν
546 916 749 986 κύβος
788 915 1079 987 ἀριθμὸς
1116 916 1324 987 κύβον
1365 915 1659 989 ἀριθμὸν
1708 917 1788 989 μὴ
1837 941 1942 990 με-

246 1008 389 1077 τρῇ,
456 1002 615 1059 οὐδὲ
676 1003 711 1075 ἡ
772 1003 1020 1075 πλευρὰ
1083 1003 1202 1075 τὴν
1256 1004 1548 1075 πλευρὰν
1611 1006 1943 1078 μετρήσει·

246 1089 375 1148 κᾶν·
411 1093 446 1163 ἡ
493 1091 739 1163 πλευρὰ
787 1090 903 1163 τὴν
950 1091 1243 1162 πλευρὰν
1290 1091 1372 1162 μὴ
1421 1096 1645 1165 μετρῇ,
1703 1091 1862 1148 οὐδὲ
1912 1090 1942 1149 6

161 1187 216 1226 10
247 1181 448 1252 κύβος
486 1179 602 1236 τὸν
640 1185 850 1250 κύβον
889 1178 1213 1250 μετρήσει.

360 1268 554 1339 Κύβος
600 1266 707 1338 γὰρ
756 1265 1000 1338 ἀριθμὸς
1046 1265 1074 1323 6
1124 1275 1177 1323 A
1223 1267 1402 1339 κύβον
1448 1266 1698 1341 ἀριθμὸν
1748 1269 1847 1325 τὸν
1895 1275 1942 1325 Β

248 1355 322 1427 μὴ
372 1361 659 1429 μετρείτω,
706 1355 800 1409 καὶ
847 1358 949 1410 τοῦ
1001 1355 1103 1426 μὲν
1143 1363 1196 1410 Α
1234 1355 1445 1429 πλευρὰ
1486 1360 1625 1412 ἔστω
1667 1357 1696 1412 6
1739 1363 1802 1427 Γ,
1841 1362 1943 1414 τοῦ

249 1445 310 1500 δὲ
350 1451 398 1500 Β
438 1443 468 1500 6
511 1451 586 1499 A·
627 1445 796 1514 λέγω,
838 1441 923 1499 ὅτι
965 1441 994 1499 6
1035 1448 1089 1499 Γ
1123 1443 1225 1500 τὸν
1267 1451 1321 1499 A
1362 1444 1431 1500 οὐ
1471 1445 1743 1517 μετρήσει.

361 1535 435 1587 Εἰ
487 1530 592 1603 γὰρ
643 1541 831 1603 μετρεῖ
874 1531 903 1588 6
953 1536 1007 1587 Γ
1045 1530 1146 1587 τὸν
1188 1539 1267 1602 Δ,
1314 1532 1406 1587 καὶ
1455 1530 1484 1587 6
1525 1539 1579 1587 A
1616 1532 1716 1590 τὸν
1762 1540 1809 1588 Β
1857 1556 1945 1605 με-

162 1628 215 1668 15
248 1620 456 1693 τρήσει.
534 1619 604 1676 οὐ
658 1631 847 1692 μετρεῖ
898 1620 961 1676 δὲ
1016 1619 1044 1676 6
1094 1629 1147 1676 A
1201 1621 1302 1676 τὸν
1356 1627 1425 1675 Β·
1482 1619 1604 1676 οὐδ’
1665 1621 1774 1694 ἄρα
1822 1620 1851 1678 6
1900 1626 1955 1677 Γ

248 1709 351 1766 τὸν
391 1716 447 1765 A
485 1720 685 1782 μετρεῖ.

354 1796 518 1854 Ἀλλὰ
562 1797 632 1869 δὴ
673 1797 749 1870 μὴ
791 1802 1053 1871 μετρείτω
1087 1796 1116 1854 ὁ
1159 1803 1213 1854 Γ
1243 1797 1343 1854 τὸν
1378 1806 1454 1854 Δ·
1496 1800 1655 1870 λέγω,
1696 1797 1780 1855 ὅτι
1813 1794 1947 1855 οὐδὲ

250 1885 279 1943 6
321 1894 374 1942 A
411 1885 513 1943 τὸν
552 1893 599 1942 Β
639 1887 913 1959 μετρήσει.

362 1979 436 2032 Εἰ
481 1974 589 2047 γὰρ
638 1975 668 2032 6
717 1982 772 2031 A
816 1975 918 2032 τὸν
964 1982 1012 2031 Β
1060 1987 1269 2047 μετρεῖ,
1318 1976 1410 2030 καὶ
1451 1973 1481 2032 6
1531 1981 1584 2031 Γ
1622 1974 1721 2031 τὸν
1763 1982 1817 2030 A
1856 1997 1945 2046 με-

160 2071 217 2111 20
249 2063 455 2136 τρήσει.
535 2062 603 2120 οὐ
644 2075 834 2135 μετρεῖ
870 2063 932 2120 δὲ
972 2062 1002 2120 6
1045 2070 1098 2120 Γ
1128 2063 1230 2120 τὸν
1270 2071 1347 2119 A·
1388 2062 1512 2119 οὐδ’
1559 2063 1667 2136 ἄρα
1700 2061 1728 2119 6
1763 2070 1815 2118 A
1845 2062 1945 2119 τὸν

249 2157 297 2208 Β
337 2152 616 2226 μετρήσει·
659 2152 794 2224 ὅπερ
837 2156 950 2209 ἔδει
991 2155 1181 2221 δεῖξαι.

1049 2339 1103 2387 ιη
1133 2360 1145 2372 .

366 2417 504 2474 Δύο
563 2417 813 2491 ὁμοίων
862 2421 1189 2476 ἐπιπέδων
1238 2417 1545 2491 ἀριθμῶν
1602 2413 1694 2484 εἷς
1747 2419 1945 2489 μέσος

250 2503 590 2577 ἀνάλογόν
631 2511 812 2564 ἐστιν
850 2506 1160 2581 ἀριθμός·
1209 2507 1318 2563 καὶ
1358 2505 1386 2563 ὁ
1430 2509 1736 2573 ἐπίπεδος
1786 2504 1946 2578 πρίς

160 2609 218 2650 25
249 2595 366 2652 τὸν
422 2598 740 2653 ἐπίπεδον
784 2602 1196 2655 διπλασίονα
1252 2595 1452 2667 λόγον
1507 2601 1638 2668 ἔχει
1694 2595 1855 2667 ἤπερ
1911 2593 1944 2666 ἡ

253 2683 577 2757 ὁμόλογος
616 2688 862 2758 πλευρὰ
904 2685 1065 2758 πρὸς
1110 2683 1230 2757 τὴν
1270 2683 1599 2757 ὁμόλογον
1639 2682 1945 2752 πλευράν.

374 2855 411 2892 1.
446 2845 534 2905 δή]
567 2860 656 2892 om.
692 2847 742 2890 Ρ
835 2852 876 2891 3.
911 2845 957 2891 εἰ
985 2845 1075 2902 γὰρ
1106 2852 1272 2904 μετρεῖ
1295 2843 1320 2891 6
1355 2851 1445 2890 Ατ
1421 2843 1504 2890 τὸν
1536 2847 1599 2904 Β]
1636 2860 1729 2921 mg.
1754 2862 1814 2890 m.
1844 2852 1866 2890 1
1892 2846 1942 2892 Ρ.

252 2923 335 2965 μετ
338 2924 389 2965 qr
368 2904 496 2965 ἥσει]
531 2921 621 2950 om.
661 2906 705 2950 Ρ.
838 2911 878 2950 4.
914 2906 987 2963 Δ]
1022 2920 1138 2951 eraS.
1171 2907 1223 2952 V.
1365 2922 1421 2949 ου
1455 2910 1615 2962 μετρεῖ
1644 2903 1697 2950 δε
1731 2901 1756 2949 6
1792 2908 1836 2949 Γ
1861 2903 1945 2950 τὸν

251 2967 322 3025 A]
363 2982 424 3012 m.
465 2970 491 3009 2
534 2967 586 3010 B.
709 2969 750 3009 5.
784 2959 903 3022 ὅπερ
945 2963 1045 3010 ἔδει
1084 2967 1158 3010 dec
1147 2965 1259 3023 ξαι]
1304 2978 1392 3009 om.
1427 2965 1476 3008 B.
1600 2969 1640 3009 9.
1675 2965 1909 3023 μετρῇ]-
