1988 3152
132 639 159 679 5

105 1073 160 1113 10

104 1514 159 1555 15

107 1956 164 1996 20

189 148 296 202 196
819 147 1156 190 ΣΤοΙΧΕῙΩΝ
1189 143 1245 200 ζ’.

185 269 237 322 εἰ
288 265 397 338 γὰρ
450 265 526 336 μή
575 267 725 320 ἐστιν
774 263 803 319 6
846 271 901 318 A
938 267 1051 320 τῶν
1090 271 1161 333 A,
1192 271 1258 334 Β,
1293 269 1347 318 Γ
1385 265 1643 335 μέγιστον
1689 262 1885 319 κοινὸν

187 354 416 425 μέτρον,
450 351 717 455 μετρήσει
756 373 840 416 τις
877 350 1008 416 τοὺς
1046 360 1116 422 Α,
1150 358 1215 422 Β,
1248 356 1301 406 Γ
1332 349 1613 423 ἀριθμοὺς
1644 349 1888 422 ἀριθμὸς

183 443 383 510 μείζων
431 435 515 493 ω“ν
560 441 666 494 τοῦ
714 446 784 493 A.
869 444 1157 510 μετρείτω,
1212 438 1304 492 καὶ
1361 443 1498 495 ἔστω
1546 437 1575 496 6
1625 445 1690 495 Ε.
1775 438 1889 493 ἐπεὶ

192 520 297 582 οὐν
354 524 383 581 6
434 532 487 581 Ε
528 547 661 591 τους
707 535 778 595 A,
812 533 877 596 Β,
910 531 965 582 Γ
1004 538 1212 598 μετρεῖ,
1267 527 1360 581 καὶ
1406 525 1538 593 τοὺς
1583 535 1652 596 A,
1684 533 1731 582 Β
1780 524 1889 595 ἄρα

194 613 471 685 μετρήσει
518 614 611 668 καὶ
648 613 712 668 τὸ
754 618 868 670 τῶν
908 622 985 684 A,
1018 620 1064 669 Β
1105 613 1214 687 ἄρα
1260 616 1523 685 μέγιστον
1561 613 1759 670 κοινὸν
1799 614 1890 684 με’-

191 723 328 775 τρον
367 701 640 774 μετρήσει.
716 701 778 757 τὸ
823 703 885 758 δὲ
922 706 1036 757 τῶν
1076 710 1146 772 A,
1179 709 1225 758 Β
1266 705 1527 773 μέγιστον
1565 701 1761 757 κοινὸν
1800 703 1891 773 με’-

190 811 325 860 τρον
382 790 534 845 ἐστὶν
582 788 612 845 6
662 797 737 844 A·
787 790 816 845 6
868 797 920 844 Ε
962 789 1070 861 ἄρα
1115 789 1217 846 τὸν
1267 797 1320 844 A
1367 802 1555 861 μετρεῖ
1606 788 1636 846 6
1692 794 1891 861 μείζων

190 877 292 934 τὸν
341 877 643 933 ἐλάσσονα·
700 877 836 950 ὅπερ
890 877 1041 933 ἐστὶν
1080 876 1382 934 ἀδύνατον.
1453 875 1555 933 οὐκ
1609 877 1718 949 ἄρα
1763 878 1895 944 τοὺς

192 974 271 1036 A,
304 972 378 1037 Β,
412 970 466 1021 Γ
504 964 786 1038 ἀριθμοὺς
832 964 1079 1039 ἀριθμός
1123 989 1204 1031 τις
1258 966 1515 1038 μετρήσει
1562 972 1761 1037 μείζων
1812 964 1893 1022 ὢν

194 1057 296 1109 τοῦ
339 1062 414 1109 A·
457 1054 485 1110 6
531 1062 586 1109 A
625 1053 734 1127 ἄρα
773 1058 886 1110 τῶν
926 1063 1002 1125 A,
1036 1061 1110 1125 Β,
1141 1059 1196 1109 Γ
1234 1054 1495 1125 μέγιστόν
1545 1057 1658 1109 ἐστι
1695 1054 1892 1110 κοινὸν

194 1144 416 1216 μέτρον.

300 1229 400 1302 Μὴ
456 1237 716 1303 μετρείτω
767 1231 835 1303 δὴ
885 1233 914 1288 6
958 1239 1013 1287 A
1052 1230 1152 1288 τὸν
1192 1237 1257 1287 Γ·
1308 1232 1450 1302 λέγω
1502 1235 1751 1303 πρῶτον,
1808 1230 1893 1287 ὅτι

191 1323 250 1376 οἱ
293 1325 364 1390 Γ,
398 1328 453 1374 A
505 1320 607 1376 οὔκ
654 1325 759 1376 εἰσι
808 1324 1017 1392 πρῶτοι
1069 1320 1210 1391 πρὸς
1258 1318 1548 1391 ἀλλήλους.
1626 1321 1741 1375 ἐπεὶ
1788 1319 1893 1391 γὰρ

193 1411 250 1464 oc
286 1417 356 1479 A,
390 1415 455 1480 Β,
491 1414 544 1464 Γ
577 1407 683 1464 οὔκ
723 1412 829 1464 εἰσι
871 1412 1079 1481 πρῶτοι
1120 1407 1257 1480 πρὸς
1297 1407 1598 1480 ἀλλήλους,
1638 1410 1895 1481 μετρήσει

191 1517 273 1563 τις
321 1495 526 1562 αὐτοὺς
574 1495 831 1569 ἀριθμός.
909 1497 938 1553 6
983 1497 1052 1568 δὴ
1094 1496 1224 1563 τοὺς
1265 1506 1332 1568 Α,
1366 1504 1432 1567 Β,
1467 1502 1519 1552 Γ
1549 1500 1764 1569 μετρῶν
1803 1498 1895 1552 καὶ

190 1583 323 1651 τοὺς
361 1593 439 1655 A,
471 1592 518 1641 Β
559 1586 843 1658 μετρήσει,
893 1587 987 1642 καὶ
1025 1585 1088 1642 τὸ
1132 1590 1245 1643 τῶν
1287 1595 1364 1656 A,
1396 1593 1443 1641 Β
1483 1587 1744 1657 μέγιστον
1784 1609 1895 1642 κοι-

190 1672 295 1730 νὸν
351 1674 554 1747 με’τρον
609 1674 710 1731 τὸν
760 1682 815 1730 A
872 1674 1152 1749 μετρήσει·
1206 1687 1394 1748 μετρεῖ
1438 1675 1499 1731 δὲ
1552 1676 1644 1730 καὶ
1690 1677 1790 1731 τὸν
1829 1681 1896 1731 Γ·

190 1762 322 1829 τοὺς
372 1770 450 1833 A,
484 1768 537 1818 Γ
583 1763 693 1836 ἄρα
741 1762 1021 1837 ἀριθμοὺς
1080 1762 1324 1837 ἀριθμός
1376 1786 1458 1830 τις
1508 1764 1786 1838 μετρήσει·
1844 1767 1901 1820 οἱ

194 1857 275 1922 A,
308 1854 362 1905 Γ
393 1849 504 1923 ἄρα
545 1850 648 1906 οὔκ
688 1838 796 1907 εἰσι
834 1855 1045 1924 πρῶτοι
1089 1850 1228 1924 πρὸς
1273 1850 1563 1923 ἀλλήλους.
1642 1852 1896 1924 εἰλήφθω

198 1931 322 1995 οὖν·
347 1938 534 1995 αὐτῶν
574 1938 636 1995 τὸ
678 1940 940 2011 μέγιστον
971 1937 1169 1995 κοινὸν
1208 1941 1412 2012 μέτρον
1446 1937 1475 1995 6
1511 1946 1571 1995 E.
1650 1940 1743 1995 καὶ
1783 1941 1898 1995 ἐπεὶ

196 2026 225 2084 6
267 2034 320 2082 E
354 2026 455 2083 τὸν
497 2034 551 2082 A
591 2040 799 2101 μετρεῖ,
840 2026 869 2083 6
912 2027 974 2083 δὲ
1016 2035 1071 2082 A
1109 2026 1242 2092 τοὺς
1282 2035 1359 2097 Α,
1395 2034 1442 2082 Β
1483 2038 1692 2100 μετρεῖ,
1732 2028 1824 2083 καὶ
1867 2028 1895 2083 6

195 2122 248 2171 E
284 2115 394 2190 ἄρα
431 2114 563 2181 τοὺς
601 2123 679 2187 Α,
720 2122 766 2171 Β
806 2127 1011 2188 μετρεῖ·
1064 2127 1252 2188 μετρεῖ
1296 2116 1358 2171 δὲ
1395 2116 1487 2171 καὶ
1526 2114 1628 2172 τὸν
1669 2121 1734 2171 Γ·
1776 2115 1805 2172 6
1850 2122 1902 2171 E

197 2204 308 2278 ἄρα
337 2204 470 2270 τοὺς
505 2212 573 2275 Α,
608 2211 674 2275 Β,
707 2210 759 2260 Γ
791 2217 995 2278 μετρεῖ·
1038 2202 1067 2260 6
1110 2211 1163 2260 Ε
1198 2203 1310 2277 ἄρα
1349 2209 1463 2261 τῶν
1500 2212 1568 2274 Α,
1601 2210 1668 2275 Β,
1704 2210 1758 2260 Γ
1786 2228 1900 2261 κοι-

197 2292 304 2349 νόν
359 2295 471 2349 ἐστι
537 2294 754 2367 μέτρον.
839 2294 980 2364 λέγω
1046 2293 1143 2365 δή,
1200 2291 1284 2349 ὅτι
1341 2294 1434 2349 καὶ
1490 2295 1766 2365 μέγιστον.
1852 2298 1903 2350 εἰ

113 2404 170 2446 25
202 2380 307 2455 γὰρ
356 2381 430 2453 μή
480 2384 630 2438 ἐστιν
682 2381 711 2438 6
753 2389 805 2438 E
840 2385 953 2439 τῶν
994 2389 1064 2453 A,
1096 2389 1162 2453 Β,
1198 2387 1250 2438 Γ
1287 2381 1348 2438 τὸ
1399 2383 1659 2455 μέγιστον
1704 2380 1901 2438 κοινὸν

324 2565 365 2604 1.
398 2556 508 2618 γάρ]
543 2574 658 2604 corr.
693 2573 748 2604 ex
779 2576 840 2616 γα
871 2575 932 2605 m.
967 2565 992 2604 2
1024 2559 1076 2604 P.
1137 2556 1301 2604 κοινὸν
1334 2559 1551 2618 μέγιστον
1574 2557 1629 2603 V.
1738 2564 1777 2603 3.
1814 2555 1899 2617 ὧν]

204 2618 382 2664 om..V
536 2611 844 2676 4.oz3v]om.
877 2618 1017 2676 BFp.
1162 2619 1315 2690 7.Ε]
1358 2632 1474 2663 corr.
1514 2621 1748 2663 eme.
1791 2618 1899 2662 2F.

268 2683 308 2722 8.
345 2674 493 2735 ἐστίν]
542 2691 631 2722 om.
672 2678 746 2734 Fp
914 2682 954 2723 9.
995 2674 1148 2735 ἄριθμ
1151 2675 1220 2736 ός]
1262 2692 1351 2723 om.
1391 2678 1441 2721 F.
1593 2678 1678 2734 τις]
1720 2690 1809 2721 om.
1851 2677 1901 2720 P.

206 2731 295 2795 ων]
331 2750 420 2782 om.
454 2736 505 2780 P.
660 2693 746 2781 12?
750 2733 854 2807 μή]
898 2750 1045 2809 supra
1077 2737 1124 2781 F.
1279 2741 1346 2782 1.3
1382 2739 1435 2792 Γ,
1469 2736 1538 2794 A]
1583 2740 1647 2791 A,
1683 2739 1726 2779 Γ
1759 2734 1901 2792 va.

269 2799 341 2840 15.
376 2793 583 2865 αριθμὸς
615 2792 788 2847 αὐτούς
818 2796 869 2840 F.
962 2793 1091 2854 τούς]
1126 2809 1240 2841 corr.
1273 2809 1330 2840 ex
1359 2795 1443 2839 τοῦ
1475 2810 1536 2840 m.
1572 2809 1662 2841 rec.
1687 2795 1736 2838 F.
1833 2799 1901 2839 1⁷.

206 2850 313 2913 τόν]
361 2851 413 2898 τό
456 2853 558 2900 FV.
609 2852 842 2926 μετρήσει
888 2852 970 2899 τὸν
1013 2860 1054 2900 A
1094 2870 1140 2911 p.
1295 2859 1362 2899 18.
1396 2850 1653 2912 ἀριθμούς]
1685 2868 1746 2897 m.
1780 2859 1804 2897 2
1838 2854 1902 2907 V;

208 2928 296 2959 om.
343 2913 439 2958 BF.
593 2910 827 2972 ἀριθμός]
864 2913 921 2969 F,
963 2909 1199 2971 ἀριθμούς
1242 2931 1293 2970 φ.
1444 2918 1515 2958 21.
1549 2913 1743 2971 μετρεῖ]
1784 2912 1903 2967 (alt.)
