1988 3152
211 113 280 166 78
837 113 1175 156 ΣΤΟΙΧΕῙῼΝ
1206 114 1238 156 ς
1246 110 1274 158 ’.

117 1043 171 1083 10

114 1487 168 1528 15

110 1932 166 1973 20

109 2375 166 2417 25

208 231 426 303 γώνου
464 231 769 305 πλευράς·
810 231 917 286 καὶ
950 229 1064 286 ἐὰν
1097 233 1167 286 αἱ
1194 233 1310 287 τοῦ
1340 230 1676 305 τριγώνου
1708 238 1898 288 πλευ-

207 321 316 394 ραὶ
386 319 724 391 ἀνάλογον
791 322 1162 390 τμηθῶσιν,
1231 317 1266 391 ἡ
1338 320 1442 376 ἐπὶ
1510 319 1626 386 τὰς
1693 319 1897 392 τομὰς
1967 389 1970 392 η

207 409 728 479 ἐπιζευγνυμένη
771 405 1007 463 εὐθεῖα
1056 407 1229 481 παρὰ
1267 408 1389 480 τὴν
1445 407 1683 481 λοιπὴν
1716 413 1897 464 ἔσται

205 492 322 552 τοῦ
359 496 693 567 τριγώνου
730 496 1046 570 πλευράν.

324 585 617 657 Τριγώνου
676 584 783 658 γὰρ
844 588 948 642 τοῦ
1002 589 1175 640 ΑΒΓ
1221 583 1574 657 παράλληλος
1629 588 1729 660 μιᾷ
1782 590 1897 644 τῶν

203 676 462 746 πλευρῶν
499 676 565 747 τῇ
606 678 717 729 ΒΓ
746 672 906 745 ἤχθω
947 671 981 744 ἡ
1023 680 1157 729 ΔΕ·
1207 675 1379 744 λέγω,
1429 673 1515 730 ὅτι
1554 674 1705 731 ἐστὶν
1745 673 1820 742 ὥς
1858 674 1893 747 ἡ

204 768 317 818 ΒΔ
354 761 494 835 πρὸς
531 762 634 834 τὴν
675 770 816 834 ΔΑ,
859 761 1036 827 οὕτως
1075 760 1109 834 ἡ
1149 767 1258 818 ΓΕ
1291 761 1431 836 πρὶς
1468 762 1572 834 τὴν
1612 770 1736 819 ΕΑ.

311 850 765 923 Ἐπεζεύχθωσαν
803 849 911 923 γὰρ
952 853 1014 905 αἱ
1049 857 1182 922 ΒΕ,
1207 856 1327 908 ΓΔ.

300 938 458 995 Ἴσον
504 940 614 1012 ἄρα
661 940 775 996 ἐστὶ
820 939 883 996 τὸ
925 945 1102 994 ΒΔΕ
1136 944 1415 1011 τρίγωνον
1462 942 1538 1017 τῷ
1578 944 1748 996 ΓΔΕ
1781 962 1895 1013 τρι-

202 1028 388 1103 γώνῳ·
443 1029 531 1085 ἐπὶ
576 1027 685 1103 γὰρ
732 1031 830 1100 τῆς
877 1026 1049 1099 αὐτῆς
1094 1027 1311 1099 βάσεώς
1360 1031 1474 1084 ἐστι
1511 1031 1611 1099 τῆς
1651 1035 1768 1084 ΔΕ
1802 1029 1897 1085 καὶ

204 1119 265 1173 ἐν
311 1129 431 1183 ταῖς
477 1115 671 1183 αὐταῖς
715 1116 1090 1190 παραλλήλοις
1143 1128 1263 1183 ταῖς
1310 1123 1446 1189 ΔΕ,
1475 1123 1600 1174 ΒΓ·
1650 1116 1786 1174 ἄλλο
1834 1119 1902 1175 δέ
1983 1128 1988 1134 ’

201 1228 254 1261 τι
300 1205 363 1262 τὸ
404 1212 590 1262 ΑΔΕ
631 1210 925 1278 τρίγωνον.
1001 1204 1067 1261 τὰ
1109 1205 1171 1262 δὲ
1211 1213 1304 1262 ἴσα
1343 1205 1482 1279 πρὸς
1519 1206 1583 1262 τὸ
1625 1205 1760 1263 αὐτὸ
1795 1206 1897 1263 τὸν

203 1293 376 1352 αὐτὸν
425 1299 535 1367 ἔχει
581 1294 777 1366 λόγον·
825 1299 975 1351 ἔστιν
1023 1294 1132 1368 ἄρα
1183 1292 1258 1360 ὥς
1303 1293 1366 1351 τὸ
1406 1301 1584 1351 ΒΔΕ
1618 1300 1897 1368 τρίγωνον

201 1384 341 1456 πρὸς
378 1382 442 1440 τὸ
483 1390 664 1439 ΑΔΕ
700 1388 1044 1457 [τρίγωνον],
1085 1383 1263 1448 οὕτως
1311 1383 1374 1439 τὸ
1415 1388 1585 1440 ΓΔΕ
1618 1390 1897 1457 τρίγωνον
1984 1407 1988 1469 ,2

200 1473 339 1545 πρὸς
387 1472 450 1528 τὸ
507 1478 686 1528 ΑΔΕ
735 1478 1030 1546 τρίγωνον.
1126 1471 1248 1529 ἀλλ’
1306 1471 1381 1538 ῶς
1443 1473 1546 1545 μὲν
1599 1472 1662 1530 τὸ
1724 1480 1899 1530 ΒΔΕ
1983 1508 1988 1550 s

199 1566 477 1635 τρίγωνον
531 1560 674 1634 πρὸς
724 1560 787 1618 τὸ
840 1567 1042 1632 ΑΔΕ,
1098 1562 1276 1627 οὕτως
1329 1559 1365 1633 ἡ
1420 1567 1538 1617 ΒΔ
1590 1562 1731 1636 πρὸς
1790 1561 1896 1634 τὴν

201 1658 338 1706 ΔΑ·
393 1648 501 1706 ὑπὸ
556 1649 663 1723 γὰρ
709 1649 772 1706 τὸ
822 1649 960 1707 αὐτὸ
1008 1651 1155 1718 ὕψος
1200 1649 1335 1706 ὄντα
1380 1648 1484 1722 τὴν
1539 1649 1647 1707 ἀπὸ
1695 1659 1796 1708 τοῦ
1843 1657 1897 1706 Ε
1980 1671 1988 1724 .}

201 1740 288 1795 ἐπὶ
340 1739 444 1811 τὴν
494 1745 603 1794 AB
653 1738 898 1795 κάθετον
950 1738 1235 1811 ἀγομένην
1286 1738 1427 1811 πρὸς
1477 1738 1691 1810 ἄλληλά
1746 1743 1892 1796 εἰσιν
1975 1725 1988 1792 ,ἶ

199 1826 275 1894 ὥς
312 1831 376 1884 αἱ
415 1828 617 1898 βάσεις.
696 1827 789 1883 διὰ
829 1826 897 1883 τὰ
930 1826 1074 1884 αὐτὰ
1107 1827 1176 1898 δὴ
1214 1825 1289 1893 ὡς
1320 1828 1382 1884 τὸ
1416 1833 1521 1883 ΓΔ
1533 1835 1587 1884 Ε
1613 1833 1893 1900 τρίγωνον

198 1917 337 1991 πρὸς
396 1916 458 1973 τὸ
508 1923 708 1988 ΑΔΕ,
772 1915 949 1982 οὕτως
1009 1914 1044 1988 ἡ
1098 1920 1208 1971 ΓΕ
1253 1916 1392 1990 πρὸς
1444 1916 1549 1988 τὴν
1604 1923 1738 1972 ΕΑ·
1799 1919 1893 1973 καὶ
1985 1931 1988 1933 ’

199 2004 275 2073 ὥς
329 2029 439 2080 αρα
489 2004 524 2078 ἡ
579 2012 693 2062 ΒΔ
745 2005 883 2079 πρὸς
936 2005 1039 2077 τὴν
1095 2012 1242 2077 ΔΑ,
1297 2003 1474 2071 οὕτως
1521 2003 1556 2077 ἡ
1604 2010 1713 2061 ΓΕ
1755 2006 1897 2079 πρὸς

197 2095 301 2167 τὴν
332 2101 449 2152 EA.

306 2181 468 2240 Ἀλλὰ
509 2183 580 2255 δὴ
621 2185 683 2238 αι
717 2187 818 2239 τοῦ
858 2188 1030 2239 ΑΒΓ
1058 2157 1340 2257 τριγώνου
1377 2183 1613 2290 πλευραὶ
1660 2186 1721 2239 αἱ
1760 2190 1889 2256 ΑΒ,

198 2277 312 2328 ΑΓ
344 2270 631 2342 ἀνάλογον
669 2272 1090 2343 τετμήσθωσαν,
1131 2270 1206 2338 ῶς
1236 2269 1270 2343 ἡ
1303 2278 1419 2327 ΒΔ
1450 2271 1592 2344 πρὸς
1620 2272 1725 2343 τὴν
1758 2281 1893 2346 ΔΑ,

200 2359 378 2426 οὕτως
431 2357 466 2431 ἡ
514 2364 623 2415 ΓΕ
664 2360 802 2433 πρὸς
846 2359 949 2432 τὴν
997 2366 1134 2432 ΕΑ,
1181 2361 1273 2416 καὶ
1321 2360 1632 2433 ἐπεζεύχθω
1680 2359 1714 2433 ἡ
1756 2367 1893 2417 ΔΕ·
1966 2415 1971 2418 .

197 2449 366 2520 λέγω,
408 2448 491 2504 ὅτι
529 2448 882 2523 παράλληλός
921 2451 1071 2506 ἐστιν
1110 2447 1144 2521 ἡ
1187 2456 1304 2505 ΔΕ
1337 2452 1403 2524 τῇ
1444 2454 1563 2506 ΒΓ.

316 2540 443 2594 Τῶν
497 2537 605 2610 γὰρ
661 2536 849 2594 αὐτῶν
901 2540 1497 2610 κατασκευασθέντων,
1559 2539 1681 2595 ἐπεί
1737 2540 1890 2596 ἐστιν

320 2735 359 2776 1.
392 2730 515 2775 Ante
548 2726 634 2775 ἐάν
667 2736 692 2775 2
725 2730 818 2777 litt.
852 2744 969 2776 eras.
993 2731 1050 2776 V.
1171 2703 1213 2776 3.
1237 2727 1367 2786 παρὰ
1392 2728 1479 2787 τὴν
1503 2728 1693 2791 λοιπήν]
1718 2734 1886 2778 mutat.

197 2789 247 2834 in
278 2787 572 2860 παράλληλος
601 2790 657 2848 τῇ
690 2793 761 2834 λοι
746 2792 826 2848 ιπῇ
860 2791 897 2834 Β
928 2805 989 2835 m
1021 2790 1284 2845 ιοοοιιὺιεε.·
1323 2790 1372 2835 in
1403 2791 1440 2835 F
1475 2805 1616 2848 supra
1646 2805 1731 2838 scr.
1762 2806 1823 2838 m.
1859 2796 1888 2836 2

197 2845 502 2920 παράλληλος.
631 2854 672 2893 4.
703 2847 935 2908 πλευράν]
971 2851 1137 2896 mutat.
1177 2850 1228 2895 in
1257 2850 1436 2918 πλευρᾶ
1469 2865 1530 2895 ιιι.
1563 2851 1800 2896 recentiss.
1831 2851 1886 2895 B.
1952 2858 1955 2868 ‘

260 2914 299 2953 7.
331 2905 436 2966 τήν]
477 2909 644 2965 postea
681 2907 838 2955 insert.
880 2925 931 2966 φ.
1053 2905 1161 2968 τήν]
1199 2911 1366 2967 postea.
1402 2895 1885 2968 1nsert.‹p.EA]
