1988 3152
532 70 994 112 ELEMENTORUM
1022 71 1206 112 LIBER
1235 70 1336 115 vn.
1674 69 1784 122 253

92 207 350 243 numerus
376 189 570 258 aliquis
598 207 721 241 eum
745 189 1014 242 metietur.
1051 189 1156 242 hac
1179 189 1349 259 igitur
1370 189 1786 243 ratiocinatione

87 277 409 348 procedente
469 277 776 330 inuenietur
835 277 1043 346 primus
1100 277 1294 346 aliquis
1348 296 1631 347 numeruS,
1693 279 1785 348 qui

87 363 400 437 metietur.¹)
475 384 603 419 nam
663 365 710 417 si
761 383 872 418 non
927 365 1254 435 inuenietur,
1317 366 1518 419 infiniti
1571 368 1787 420 numeri

86 471 371 507 numerum
408 458 464 506 A
508 453 820 522 metientur,
869 453 1007 506 alter
1055 470 1268 521 semper
1315 455 1485 508 altero
1534 454 1785 524 deinceps

87 541 348 612 minores;
404 541 545 611 quod
597 541 657 594 in
709 541 950 594 numeris
1005 541 1123 593 fieri
1171 559 1282 594 non
1327 543 1524 610 potest.
1602 543 1784 613 itaque

87 629 394 683 inuenietur
433 630 640 700 primus
682 630 878 699 aliquis
910 648 1167 683 numerus
1198 630 1443 699 proxime
1469 632 1784 685 anteceden-

87 721 201 772 tem
239 719 468 772 metiens
477 762 491 788 ,
532 719 623 789 qui
663 719 827 772 etiam
866 737 1152 772 numerum
1190 723 1244 771 A
1282 719 1553 772 metiatur.

196 806 346 877 Ergo
372 807 616 876 quemuis
647 825 933 860 numerum
967 806 1328 875 compositum
1352 806 1559 874 primus
1587 809 1781 879 aliquis

84 913 342 949 numerus
382 897 627 965 metitur3
672 896 814 965 quod
855 899 972 949 erat
1012 896 1513 950 demonstrandum.

815 1056 1044 1111 XXXII.

196 1146 383 1210 Quiuis
429 1165 685 1200 numerus
734 1150 829 1199 aut
874 1146 1081 1215 primus
1130 1149 1233 1215 est,
1289 1150 1384 1200 aut
1428 1147 1637 1215 primus
1686 1165 1782 1199 nu-

85 1253 266 1288 merus
306 1253 429 1288 eum
468 1234 704 1287 metitur.

280 1321 363 1375 Sit
399 1340 652 1374 numerus
693 1327 759 1374 A.
829 1321 965 1390 dico,
1003 1339 1286 1374 numerum
1317 1326 1371 1374 A
1406 1327 1502 1377 aut
1541 1323 1777 1393 primum

173 1428 291 1464 esse
330 1414 425 1463 aut
463 1411 698 1479 primum
739 1410 975 1479 aliquem
1014 1428 1300 1462 numerum
1341 1429 1463 1464 eum
1503 1412 1700 1465 metiri.

110 1493 147 1532 A
283 1499 392 1552 iam
441 1499 488 1551 si
533 1500 740 1568 primus
790 1502 871 1551 est
909 1503 983 1567 A,
1030 1498 1236 1551 factum
1277 1499 1402 1569 erit,
1451 1500 1594 1569 quod
1648 1501 1783 1553 iussi

172 1606 378 1656 sumu83
441 1587 526 1639 sin
579 1588 934 1655 compositus,
995 1588 1202 1656 primus
1260 1588 1457 1657 aliquis
1521 1607 1780 1642 numerus

170 1694 295 1728 eum
334 1676 587 1728 metietur
629 1676 801 1745 [prop.
833 1675 1055 1742 XXXI}

189 1763 340 1834 Ergo
388 1764 564 1832 quiuis
614 1781 870 1816 numerus
912 1767 1005 1817 aut
1043 1765 1249 1833 primus
1290 1767 1394 1833 est,
1443 1767 1537 1817 aut
1574 1765 1781 1833 primus

82 1870 338 1905 numerus
378 1871 499 1905 eum
538 1852 781 1923 metitur3
821 1853 963 1921 quod
1004 1855 1120 1905 erat
1159 1852 1655 1906 demonstrandum.

797 2013 1053 2066 XXXIII.

193 2116 351 2170 Datis
391 2117 660 2187 quotlibet
696 2117 935 2170 numeris
976 2117 1231 2171 minimos
1273 2136 1481 2187 eorum,
1523 2118 1614 2187 qui
1654 2135 1776 2170 ean·

82 2204 203 2257 dem
242 2205 508 2258 rationem
548 2205 776 2276 habent,
816 2205 1077 2258 inuenire.

197 2291 327 2346 Dati
367 2294 478 2345 sint
517 2294 785 2363 quotlibet
824 2293 1036 2346 numeri
1075 2298 1148 2363 A,
1182 2297 1252 2361 Β,
1285 2296 1343 2347 Γ.
1422 2297 1638 2364 oportet
1675 2295 1778 2365 igi-

79 2384 172 2434 tur
225 2380 477 2434 minimos
526 2400 712 2435 eorum
767 2382 1035 2450 inuenire,
1092 2382 1183 2451 qui
1230 2382 1455 2435 eandem
1509 2383 1776 2436 rationem

81 2469 320 2522 habeant
356 2487 418 2522 ac
457 2475 532 2539 A,
563 2473 634 2539 Β,
667 2472 727 2524 Γ.

191 2562 266 2622 Α,
299 2561 372 2626 Β,
402 2560 454 2610 Γ
507 2559 649 2611 enim
705 2562 799 2612 aut
853 2560 994 2612 inter
1042 2577 1097 2611 se
1142 2559 1305 2628 primi
1353 2563 1480 2612 sunt
1527 2563 1622 2613 aut
1666 2578 1780 2613 non

202 2720 243 2771 1)
277 2715 348 2761 Sc.
387 2732 628 2763 numerum
671 2719 1030 2776 praecedentem
1063 2720 1112 2763 et
1149 2731 1205 2762 ea
1244 2719 1301 2763 de
1343 2732 1486 2763 causa
1531 2734 1775 2764 numerum

78 2779 115 2818 A
147 2774 245 2830 (cfr.
279 2775 358 2820 lin.
393 2778 452 2833 4).
515 2784 564 2822 et
593 2780 730 2835 puto,
779 2778 895 2822 haec
927 2778 1078 2821 audiri
1117 2792 1266 2834 posse.
1331 2778 1421 2822 etsi
1461 2779 1562 2822 fieri
1601 2780 1773 2836 potest,

81 2834 277 2879 tit-haec
308 2836 453 2879 uerba
483 2836 532 2880 in
555 2837 591 2880 P
623 2851 751 2882 mero
786 2851 938 2882 errore
971 2838 1031 2882 ob
1056 2833 1410 2894 ὁμοιοτέλευτον
1438 2838 1703 2882 exciderint.
