1988 3152
532 89 993 132 ELEMENTORUM
1021 89 1204 132 LIBER
1233 89 1288 132 V.
1447 83 1460 91 ”
1721 85 1790 138 67

90 212 176 263 Γε
203 213 256 262 Ε
277 235 346 252 =
372 213 419 263 Θ
442 228 455 261 :
479 213 548 263 K.
604 227 771 279 quare
803 209 968 262 etiam
992 212 1039 262 Θ
1063 229 1075 262 :
1100 211 1159 262 K
1180 195 1330 260 -='A
1355 227 1367 261 :
1392 211 1461 261 M
1482 209 1656 277 [prop.
1674 207 1791 277 XI],

0 301 31 355 ¹,
91 302 148 352 et
193 298 550 367 permutando
593 300 764 367 [prop.
804 295 961 364 XVI]
1001 301 1050 350 Θ
1074 316 1086 350 :
1111 300 1163 350 A
1189 322 1259 340 =
1286 294 1377 351 K:
1402 299 1482 352 M.
1561 296 1655 349 sed
1704 295 1790 348 de-

0 372 18 466 *-
92 390 455 441 monstratum
494 389 592 455 est,
630 404 749 441 esse
788 386 952 439 etiam
976 389 1042 438 H
1060 405 1073 438 ε
1098 389 1146 438 Θ
1171 411 1241 429 =
1271 390 1342 439 M
1360 405 1372 438 :
1397 388 1470 438 N.
1523 385 1633 438 iam
1659 402 1790 454 quo-

0 471 1 530 }
88 476 239 528 niam
278 476 438 529 datae
477 480 603 529 sunt
640 478 752 528 tres
791 474 1197 545 magnitudines
1237 478 1316 543 H,
1356 478 1426 542 Θ,
1466 476 1518 526 Λ
1556 476 1612 527 et
1652 474 1789 527 aliae

88 565 155 618 iis
195 582 418 619 numero
459 564 712 634 aequales
744 566 814 633 K,
845 566 925 632 M,
956 566 1029 633 N,
1066 563 1231 615 binae
1273 563 1434 616 simul
1467 563 1789 617 coniunctae

0 671 1 674 ’
88 654 148 706 in
197 654 384 714 eadem
430 652 805 722 proportione,
851 654 907 704 et
950 651 1272 721 perturbata
1318 655 1403 726 est
1443 665 1629 706 earum
1668 668 1789 721 pro·
1901 648 1905 653 ’

0 741 1 747 ’
87 743 269 813 portio
327 742 453 809 [def.
505 743 620 808 18]‚
675 759 740 794 ex
796 758 990 811 aeqUO,
1046 741 1092 794 si
1145 743 1207 794 H
1258 740 1692 811 magnitudinem
1738 742 1791 793 A

90 833 333 901 superat,
374 832 539 884 etiam
578 833 638 883 K
671 828 1120 900 magnitudinem.
1142 832 1208 882 N
1243 832 1485 899 superat,
1525 832 1579 883 et
1618 829 1665 882 si
1705 846 1788 881 ae-

89 920 288 990 quaIiS,
328 919 569 990 aequalis
609 921 714 988 est,
763 922 817 973 et
856 918 904 972 si
941 919 1141 988 minor,
1186 918 1366 971 minor
1407 919 1581 987 [prop.
1620 917 1791 985 XXI].

23 1000 28 1005 ¹
89 1013 145 1063 et
188 1012 262 1079 H,
301 1012 360 1061 K
392 1008 828 1078 magnitudinum
865 1013 935 1076 A,
975 1012 1031 1060 A
1071 1024 1239 1077 aeque
1279 1007 1607 1077 multiplices
1649 1010 1792 1077 sunt,

89 1102 158 1168 A,
181 1101 247 1151 N
279 1101 462 1151 autem
500 1097 937 1168 magnitudinum
975 1098 1037 1167 Γ,
1064 1099 1122 1151 Ζ.
1177 1096 1362 1166 itaque
1386 1099 1620 1160 A2F=
1640 1099 1697 1150 A
1714 1099 1790 1149 :Z

91 1187 216 1255 [def.
256 1186 334 1254 5].
1044 1233 1048 1236 .
1125 1256 1132 1262 ²

17 1339 20 1341 ,
199 1275 351 1347 Ergo
399 1275 447 1328 si
485 1275 646 1329 datae
686 1278 814 1328 sunt
851 1269 961 1327 tres
1002 1273 1407 1344 magnitudines
1446 1275 1503 1326 et
1541 1273 1680 1326 aliae
1722 1274 1789 1326 iis

23 1363 27 1410 ἶ
86 1383 312 1420 numero
367 1364 641 1434 aequaleS,
697 1364 861 1417 binae
915 1351 1076 1416 simul
1125 1363 1447 1416 coniunctae
1494 1362 1552 1414 in
1602 1362 1787 1415 eadem

86 1454 457 1524 proportione,
496 1455 551 1506 et
588 1453 909 1523 perturbata
947 1455 1031 1506 est
1071 1470 1254 1506 earum
1285 1451 1584 1522 proportio,
1625 1452 1789 1505 etiam

87 1562 154 1597 ex
201 1561 373 1614 aequo
412 1543 476 1595 in
515 1542 703 1596 eadem
741 1542 1095 1613 proportione
1134 1543 1316 1611 erunt3
1365 1540 1508 1611 quod
1550 1542 1664 1594 erat
1702 1540 1789 1594 de-

8 1666 30 1703 q
86 1632 519 1687 monstrandum.
599 1636 601 1638 ’

833 1748 1037 1803 XXIV.

206 1867 265 1943 Si
294 1886 297 1889 “
323 1869 504 1939 prima
558 1869 626 1922 ad
686 1869 976 1928 secundam
1024 1867 1252 1923 eandem
1306 1867 1574 1920 rationem
1625 1866 1792 1920 habet

90 1977 152 2013 ae
197 1959 362 2013 tertia
409 1959 477 2012 ad
515 1961 789 2030 quartam,
836 1961 891 2031 et
933 1958 1100 2012 etiam
1151 1956 1341 2026 quinta
1391 1955 1458 2008 ad
1500 1956 1790 2009 secundam

88 2048 316 2102 eandem
362 2048 628 2101 rationem
675 2047 842 2100 habet
889 2065 951 2100 ao
998 2049 1149 2100 sexta
1197 2044 1263 2098 ad
1310 2047 1585 2115 quartam,
1624 2045 1789 2098 etiam

86 2136 418 2207 compositae
477 2136 657 2207 prima
719 2140 775 2190 et
832 2135 1025 2206 quinta
1079 2134 1147 2187 ad
1209 2133 1503 2188 secundam
1558 2133 1783 2187 eandem

89 2227 358 2281 rationem
402 2225 686 2280 habebunt
725 2243 787 2279 ao
825 2225 990 2278 tertia
1029 2226 1288 2293 sextaque
1330 2223 1397 2276 ad
1441 2225 1704 2292 quartam.

90 2442 241 2498 ἰσάκις
277 2443 600 2492 πολλαπλάσια
638 2446 745 2492 add.
785 2445 877 2503 Bp.
1018 2451 1087 2490 12.
1129 2445 1196 2504 Γ]
1239 2418 1354 2490 corr.
1396 2457 1452 2488 ex
1491 2446 1527 2487 Β
1566 2459 1627 2489 m.
1670 2447 1695 2487 2
1736 2442 1787 2486 Ρ.

44 2520 55 2528 ·
150 2510 220 2551 14.
252 2506 334 2551 καὶ
350 2501 416 2559 ἱἐν
439 2506 497 2561 Ρ;
529 2506 617 2551 καί
633 2506 740 2551 add.
765 2505 816 2550 in
842 2519 936 2563 mg.
962 2520 1020 2550 m.
1047 2510 1073 2550 2
1102 2503 1152 2560 F,
1178 2504 1261 2548 sed
1285 2517 1417 2549 enan.
1528 2508 1597 2548 16.
1634 2499 1783 2559 ἔσται]

91 2578 180 2610 om.
219 2565 269 2610 P.
395 2570 464 2611 18.
498 2563 606 2624 ἔχῃ]
643 2564 741 2623 ἔχει
772 2565 821 2609 Ρ.
