1988 3152
534 104 995 147 ELEMENTORUM
1023 104 1206 146 LIBER
1235 104 1336 148 vn.
1673 100 1783 154 239

830 267 1030 321 XXIV.

203 371 259 426 Si
306 373 410 426 duo
456 371 668 426 numeri
714 371 782 424 ad
828 389 1115 424 numerum
1162 371 1398 441 aliquem
1436 370 1599 440 primi
1640 374 1781 440 sunt,

92 462 252 515 etiam
282 479 535 514 numerus
569 479 632 514 ex
662 460 730 514 iis
762 461 1056 530 productus
1086 459 1155 512 ad
1180 459 1407 512 eundem
1431 459 1639 530 primus
1665 460 1781 513 erit.

597 550 741 604 Nam
781 550 885 603 duo
923 549 1135 603 numeri
1173 554 1248 618 A,
1287 554 1334 603 Β
1380 550 1448 603 ad
1497 567 1781 603 numerum

488 640 724 709 aliquem
756 642 810 692 Γ
833 639 996 708 primi
1029 639 1152 708 sint,
1184 640 1239 691 et
1264 639 1336 692 sit
1366 643 1419 691 A
1443 652 1514 695 ><
1540 643 1587 692 B
1614 665 1684 683 =
1710 643 1779 692 A.

487 729 623 797 dico,
663 729 827 781 etiam
866 730 928 797 Γ,
960 731 1016 780 A
1047 727 1191 780 inter
1232 746 1288 781 se
1326 728 1531 797 primos
1571 746 1705 781 esse.

597 836 726 870 nam
766 817 812 870 si
852 819 913 887 Γ,
938 822 994 870 A
1028 821 1170 870 inter
1203 836 1259 871 se
1291 817 1455 887 primi
1488 835 1599 870 non
1639 821 1780 888 sunt,

482 923 737 969 numerus
779 906 1274 976 aliquisnumeros
1315 908 1375 975 Γ,
1416 911 1471 959 A
1511 907 1814 972 metietur„

372 1028 414 1067 A
481 995 740 1047 metiatur
794 999 849 1048 et
903 995 974 1047 sit
1031 999 1095 1050 E.
1189 999 1244 1049 et
1295 995 1550 1064 quoniam
1611 998 1673 1065 Γ,
1727 1001 1782 1048 A

482 1087 626 1139 inter
674 1102 730 1136 se
774 1083 938 1152 primi
987 1087 1135 1155 sunt,
1183 1088 1237 1138 et
1273 1103 1558 1138 numerum
1597 1087 1650 1137 Γ
1681 1103 1782 1137 nu-

85 1192 262 1227 merus
309 1174 503 1245 aliquis
544 1180 596 1229 E
624 1177 867 1245 metitur,
905 1175 1118 1228 numeri
1155 1179 1223 1243 A,
1261 1178 1314 1226 Ε
1341 1174 1484 1226 inter
1525 1191 1581 1226 se
1619 1174 1782 1243 primi

86 1268 211 1316 sunt
253 1265 430 1333 [prop.
459 1264 686 1332 XXIIIJ.
744 1266 957 1335 quoties
996 1264 1164 1334 igitur
1189 1267 1241 1316 E
1268 1281 1554 1316 numerum
1580 1266 1635 1314 A
1667 1280 1779 1315 me-

83 1352 231 1421 titur,
269 1355 354 1406 tot
391 1353 628 1407 unitates
669 1355 780 1407 sint
818 1354 874 1407 in
906 1357 964 1406 Z.
1020 1371 1185 1423 quare
1226 1354 1394 1406 etiam
1420 1356 1465 1405 Z
1496 1370 1779 1404 numerum

85 1445 139 1492 A
177 1441 400 1494 metitur
447 1442 741 1496 seeundum
788 1443 1028 1496 unitates
1073 1443 1286 1496 numeri
1325 1446 1378 1495 E
1425 1444 1602 1511 [prop.
1634 1440 1780 1507 XVJ.

81 1528 262 1598 itaque
285 1533 339 1582 E
359 1544 430 1588 ><
455 1535 501 1584 Z
525 1557 596 1575 =
616 1536 670 1584 A
696 1531 822 1598 [def.
843 1532 951 1599 15].
990 1551 1178 1585 uerum
1204 1532 1371 1586 etiam
1394 1535 1447 1584 A
1464 1544 1535 1586 ><
1552 1535 1599 1584 Β
1620 1556 1689 1574 =
1709 1535 1780 1584 A.

82 1618 264 1688 itaque
298 1624 350 1673 E
369 1633 440 1676 ><
467 1624 512 1673 Z
538 1646 607 1663 =
633 1626 686 1673 A
709 1630 780 1674 ><
803 1625 867 1674 Β.
929 1640 1119 1675 uerum
1158 1621 1252 1674 ubi
1291 1638 1545 1673 numerus
1587 1638 1651 1673 ex
1691 1638 1779 1672 ex-

81 1708 271 1760 tremis
309 1709 602 1778 productus
642 1728 870 1763 numero
913 1729 977 1763 ex
1016 1709 1206 1762 mediis
1238 1710 1501 1779 producto
1536 1709 1778 1778 aequalis

83 1802 180 1866 est,
219 1801 476 1867 quattuor
513 1800 724 1852 numeri
762 1800 1198 1869 proportionales
1232 1801 1360 1852 sunt
1400 1801 1575 1868 [prop.
1607 1797 1778 1864 XIX].

81 1887 264 1956 itaque
300 1890 377 1939 E:
396 1892 449 1939 A
466 1914 535 1931 =
554 1892 601 1941 Β
619 1909 630 1942 :
651 1893 709 1942 Z.
765 1889 858 1942 sed
883 1894 950 1958 A,
974 1874 1028 1942 E
1054 1889 1217 1958 primi
1242 1892 1383 1959 sunia,
1406 1889 1569 1958 primi
1595 1891 1778 1968 autem

82 1975 248 2028 etiam
287 1976 497 2029 minimi
538 1980 666 2031 sunt
703 1979 876 2047 [prop.
900 1977 1072 2047 XXI],
1112 1978 1322 2031 minimi
1354 1981 1537 2031 aulzem
1567 1978 1782 2031 numeri

83 2082 292 2134 eorum,
333 2065 425 2135 qui
457 2064 681 2118 eandem
711 2066 976 2119 rationem
1008 2066 1227 2137 habent,
1264 2085 1517 2120 numeros
1551 2068 1779 2121 eandem

82 2154 349 2207 rationem
387 2154 649 2207 habentes
691 2154 988 2224 aequaliter
1027 2155 1346 2226 metiunbur,
1395 2157 1567 2210 maior
1606 2157 1778 2211 maio-

80 2260 194 2295 rem
242 2246 297 2295 et
342 2242 519 2296 minor
563 2243 828 2297 minorem
871 2247 1045 2314 [prop.
1078 2244 1200 2312 XX]
1212 2288 1226 2315 ,
1274 2246 1326 2298 h.
1368 2264 1409 2299 e.
1448 2247 1775 2316 praecedens

81 2331 491 2400 praecedentem
531 2336 586 2385 et
626 2350 853 2402 sequens
895 2336 1221 2403 sequentem.
1283 2334 1468 2405 itaque
1504 2339 1558 2388 Ε
1590 2354 1776 2388 nume-

83 2536 188 2581 add.
227 2551 287 2581 m.
326 2551 415 2582 rec.
478 2539 592 2583 Post
622 2543 665 2582 A
697 2538 802 2583 add.
838 2538 948 2596 ch:
993 2534 1242 2598 ἀριθμούς.
1395 2537 1623 2600 ἀριθμός]
1658 2556 1774 2587 corr.

81 2608 138 2640 ex
169 2590 405 2653 ἀριθμούς
433 2612 494 2642 m.
526 2612 616 2644 rec.
650 2598 700 2642 P.
858 2603 925 2644 11.
961 2595 1010 2643 οἷ
1038 2602 1099 2656 Γ,
1131 2605 1168 2645 Α
1241 2615 1356 2647 corr.
1398 2615 1455 2646 ex
1495 2597 1519 2646 ὁ
1557 2603 1601 2645 Γ
1636 2619 1686 2658 φ,
1721 2616 1777 2647 ex

82 2652 133 2699 οἱ
160 2657 219 2711 Γ,
251 2660 293 2699 Δ
322 2670 354 2714 p
384 2670 445 2702 m.
478 2661 527 2711 23
561 2654 609 2702 οἰ
635 2661 694 2714 A,
730 2660 773 2701 Γ
799 2656 847 2701 Ρ.
944 2663 1011 2702 12.
1046 2658 1142 2704 εἰσί
1211 2676 1301 2719 Ρφ.
1396 2666 1455 2720 A,
1488 2660 1558 2719 E]
1586 2662 1640 2714 E,
1666 2665 1703 2705 A
1727 2677 1772 2718 p.

142 2718 209 2759 18.
241 2710 358 2774 ἄρα]
390 2729 478 2761 om.
510 2715 612 2773 Vq).
772 2722 839 2762 19.
874 2716 992 2823 ἴσοςέ]
1027 2719 1128 2764 ἴσον
1161 2737 1210 2776 φ.
1366 2725 1436 2765 20.
1471 2718 1543 2779 οἱ]
1578 2716 1688 2766 ozel?
1722 2721 1774 2777 P,

80 2772 169 2820 del.
203 2788 262 2818 m.
295 2787 385 2819 rec.
446 2771 669 2833 ἀνάλογοι
692 2791 736 2834 p.
861 2781 932 2822 25.
990 2773 1169 2823 λάττων
1192 2778 1242 2827 P.
1365 2784 1436 2825 26.
1471 2775 1698 2825 ἐλάττονα
1723 2779 1770 2824 Ρ.
