1988 3152
513 98 976 141 ELEMENTORUM
1005 99 1188 140 LIBER
1217 99 1270 141 v.
1689 96 1759 147 41

177 235 306 270 nam
345 217 599 287 quoniam
641 219 769 270 sunt
808 217 1070 286 quaedam
1082 216 1124 288 1)
1164 215 1600 301 magnitudinum
1625 219 1689 284 Γ,
1713 220 1766 268 Ε

780 323 948 374 aeque
1014 305 1363 374 multiplices,
1435 304 1763 374 magnitudi-

66 349 294 481 ἔτί-Ἰ
320 360 356 425 ⁴¹
779 412 912 446 num
953 396 1135 447 autem
1176 398 1250 461 A,
1277 398 1322 446 Ζ
1363 393 1499 447 aliae
1541 393 1762 463 quaeuis

69 527 122 572 ΘΙ
579 540 585 568 Ι
782 500 949 551 aeque
988 482 1340 551 multiplices,
1385 486 1439 536 et
1478 482 1763 552 multiplex

64 619 634 660 As——ae-——t-—1
817 570 1210 640 magnitudinis
1266 573 1320 624 Γ
1371 572 1727 641 multiplicem

780 658 1174 729 magnitudinis
1227 663 1282 711 A
1329 662 1571 728 superat,
1620 659 1757 712 mul-

64 751 233 820 tiplex
265 753 447 803 autem
478 747 868 819 magnitudinis
901 751 954 800 E
980 747 1340 817 multiplicem
1370 747 1763 818 magnitudinis

67 843 112 893 Z
134 857 246 893 non
270 843 489 908 superat
514 837 640 905 [def.
667 838 742 908 7]‚
774 830 1074 907 sumantur,
1105 839 1160 890 et
1188 837 1297 890 sint
1321 836 1764 907 magnitudinum

66 930 130 996 Γ,
147 932 200 980 Ε
221 914 388 998 aeque
411 927 737 996 multiplices
760 929 836 993 H,
862 930 926 994 Θ,
951 926 1387 996 magnitudinum
1412 928 1594 979 autem
1620 930 1693 992 A,
1718 929 1763 977 Ζ

67 1016 203 1070 aliae
237 1018 459 1087 quaeuis
485 1034 653 1085 aeque
678 1015 1004 1084 multiplices
1028 1017 1102 1082 Κ,
1127 1018 1196 1083 A,
1221 1015 1302 1067 ita
1325 1017 1387 1068 ut
1410 1018 1475 1068 H
1491 1014 1763 1085 magnitu-

65 1105 245 1158 dinem
268 1107 326 1158 K
346 1108 577 1175 superet,
601 1108 649 1158 Θ
673 1107 855 1157 autem
878 1103 1311 1174 magnitudinem
1329 1106 1381 1156 A
1397 1122 1509 1157 non
1531 1106 1763 1172 superet.

68 1198 122 1248 et
175 1195 385 1263 quoties
439 1194 721 1263 multiplex
775 1195 859 1245 est
914 1195 975 1244 H
1026 1191 1423 1262 magnitudinis
1471 1194 1543 1260 Γ,
1598 1192 1762 1245 toties

70 1283 353 1352 multiplex
393 1283 464 1335 sit
494 1284 569 1335 M
591 1280 983 1350 magnitudinis
1015 1285 1087 1348 A,
1120 1280 1330 1350 quoties
1365 1282 1546 1333 autem
1578 1278 1765 1333 multi-

72 1371 198 1441 plex
249 1374 334 1425 est
378 1374 437 1423 K
485 1369 881 1440 magnitudinis
935 1373 1012 1438 A,
1061 1370 1222 1422 toties
1268 1369 1554 1438 multiplex
1595 1369 1666 1422 sit
1704 1372 1771 1422 N

66 1459 457 1531 magnitudinis
504 1455 590 1512 B(
642 1461 696 1511 et
743 1457 999 1527 quoniam
1055 1460 1139 1511 est
1177 1462 1266 1510 A:
1292 1461 1339 1511 B
1367 1483 1436 1506 =
1464 1461 1546 1511 P:
1573 1462 1653 1526 A,
1710 1463 1765 1512 et

67 1552 314 1618 sumptae
361 1550 490 1601 sunt
533 1545 975 1617 magnitudinum
1012 1550 1092 1613 A,
1125 1548 1179 1598 Γ
1219 1535 1386 1617 aeque
1436 1547 1763 1616 multiplices

67 1640 151 1704 M,
175 1639 250 1705 H,
282 1635 727 1707 magnitudinum
760 1637 942 1687 autem
973 1637 1039 1702 B,
1067 1638 1121 1686 A
1153 1635 1293 1688 aliae
1337 1636 1562 1706 quaeuis
1596 1654 1763 1705 aeque

67 1724 392 1794 multiplices
446 1727 533 1792 N,
567 1726 645 1791 K,
701 1722 749 1776 si
798 1726 873 1775 M
918 1723 1353 1793 magnitudinem
1405 1726 1472 1776 N
1527 1727 1763 1794 superat,

70 1813 233 1867 etiam
282 1814 348 1864 H
387 1811 820 1882 magnitudinem
874 1813 933 1863 K
983 1815 1229 1881 superat,
1292 1815 1346 1865 et
1408 1813 1456 1865 si
1503 1814 1762 1884 aequalis,

74 1901 316 1970 aequalis
363 1903 468 1969 est,
518 1904 573 1953 et
612 1901 659 1953 si
711 1900 912 1970 minor,
958 1900 1139 1970 minoi·
1181 1900 1308 1967 [def.
1340 1901 1416 1968 5].
1477 1921 1667 1956 uerum
1706 1906 1772 1955 H

71 1989 501 2058 magnitudinem
549 1991 607 2040 K
643 1991 882 2058 superat3
937 2006 1102 2057 quare
1159 1989 1326 2042 etiam
1378 1992 1452 2042 M
1496 1992 1764 2060 magnitu-

71 2077 251 2130 dinem
303 2080 368 2129 N
419 2080 673 2146 superat.·
725 2081 772 2130 Θ
825 2079 1005 2130 autem
1066 2078 1498 2148 magnitudinem
1546 2082 1597 2132 A
1650 2097 1764 2133 non

71 2168 304 2234 superat.
382 2170 436 2219 et
484 2169 574 2235 M,
597 2169 645 2218 Θ
691 2165 1129 2235 magnitudinum
1169 2171 1244 2236 A,
1271 2171 1323 2220 E
1367 2186 1535 2237 aeque
1583 2169 1762 2222 multi·
1868 2183 1870 2186 ’

68 2253 233 2323 plices
282 2257 427 2322 sunt,
476 2257 560 2321 N,
584 2258 645 2306 A
692 2257 874 2307 autem
935 2254 1372 2324 magnitudinum
1425 2260 1499 2325 Β,
1526 2260 1571 2309 Ζ
1627 2258 1762 2311 aliae

73 2342 296 2411 quaeuis
338 2359 505 2412 aeque
542 2340 940 2413 multipliceS.²)
1017 2343 1202 2413 itaque

692 2436 746 2485 A
772 2452 783 2485 :
808 2435 856 2484 Β
879 2440 937 2492 >
962 2435 1015 2484 Ε
1036 2451 1048 2484 z
1075 2436 1135 2486 Z.

183 2517 332 2589 Ergo
381 2519 427 2572 si
480 2520 656 2590 prima
711 2521 779 2574 ad
829 2521 1124 2575 secundam
1174 2525 1228 2575 et
1272 2524 1438 2577 tertia
1487 2525 1553 2578 ad
1605 2543 1761 2595 quar-

70 2610 183 2661 tam
224 2607 450 2662 eandem
501 2609 772 2663 rationem
824 2609 1031 2679 habet,
1061 2611 1227 2664 tertia
1274 2615 1455 2667 autem
1495 2614 1563 2668 ad
1605 2633 1761 2684 quar-

190 2756 231 2807 1)
265 2750 351 2811 μέν
407 2755 455 2798 et
505 2752 560 2799 δέ
606 2753 689 2800 lin.
741 2760 869 2799 1—2
916 2755 1142 2802 inusitate
1190 2757 1378 2815 quidem
1433 2759 1589 2817 posita
1639 2762 1759 2817 sunt,

68 2825 219 2869 neque
249 2816 407 2858 tamen
437 2812 525 2868 ita,
557 2815 612 2858 ut
642 2814 754 2859 ferri
784 2817 1035 2872 nequeant.

188 2875 232 2928 2)
268 2870 356 2917 Cfr.
386 2871 467 2917 lin.
502 2877 617 2918 6-8
651 2887 756 2919 cum
787 2874 868 2918 lin.
902 2879 927 2919 9
962 2891 1029 2932 sq.
