1988 3152
151 554 178 592 5

123 999 178 1039 10

123 1443 176 1482 15

122 1884 179 1925 20

120 2340 177 2381 25

213 72 245 124 8
827 70 1165 114 ΣΤΟΙΧΕΙΩΝ
1196 67 1255 115 ε’.

312 190 489 244 ’Έστω
545 186 833 244 ὁποσαοῦν
888 187 1097 258 μεγέθη
1139 186 1206 243 τὰ
1254 194 1390 259 ΑΒ,
1414 193 1525 244 ΓΔ
1572 186 1905 246 ὁποσωνοῦν

213 278 472 347 μεγεθῶν
511 277 625 330 τῶν
664 280 739 344 Ε,
767 279 812 328 Ζ
852 281 991 329 ἴσων
1029 272 1093 330 τὸ
1133 278 1351 346 πλῆθος
1386 277 1632 342 ,ἕκαστον
1671 277 1905 333 ἑκάστου

217 364 400 430 ἰσάκις
445 361 887 418 πολλαπλάσιον·
935 363 1103 433 λέγω,
1153 361 1237 419 ὅτι
1286 362 1634 420 ὁσαπλάσιόν
1680 367 1794 421 ἐστι
1839 364 1901 421 τὸ

217 458 327 507 AB
382 455 484 507 τοῦ
540 457 614 522 Ε,
669 450 1117 507 τοσαυταπλάσια
1169 456 1321 508 ἔσται
1375 454 1467 508 καὶ
1513 453 1579 509 τὰ
1628 460 1764 525 ΑΒ,
1799 459 1905 510 ΓΔ

214 543 326 596 τῶν
366 546 437 611 Ε,
463 545 524 594 Ζ.

322 625 471 683 Ἐπεὶ
525 626 634 700 γὰρ
683 628 864 694 ἰσάκις
911 629 1025 684 ἐστὶ
1071 629 1491 686 πολλαπλάσιον
1537 630 1599 686 τὸ
1649 637 1756 686 ΑΒ
1803 634 1907 687 τοῦ

209 724 262 772 Ε
312 717 404 772 καὶ
452 715 514 773 τὸ
566 722 678 772 ΓΛ
715 721 818 773 τοῦ
858 724 930 789 Ζ,
972 716 1077 774 ὅσα
1117 717 1227 790 ἄρα
1266 719 1417 775 ἐστὶν
1458 721 1518 775 ἐν
1556 723 1632 795 τῷ
1672 726 1779 775 ΑΒ
1820 741 1907 791 με-

211 808 354 877 γέθη
406 812 500 860 ἴσα
548 808 624 879 τῷ
673 812 746 876 Ε,
794 809 1039 862 τοσαῦτα
1083 807 1176 861 καὶ
1223 808 1284 863 ἐν
1330 811 1406 882 τῷ
1433 813 1558 863 TA
1598 815 1691 863 ἴσα
1729 811 1804 885 τῷ
1846 814 1907 864 Ζ.

216 893 510 967 διῃρήσθω
567 892 628 949 τὸ
679 893 780 965 μὲν
828 900 937 949 AB
985 898 1062 959 εἰς
1102 893 1168 949 τὰ
1213 899 1288 970 τῷ
1338 902 1390 951 Ε
1434 898 1645 968 μεγέθη
1695 903 1788 952 ἴσα
1834 895 1901 952 τὰ

214 989 362 1054 ΑΗ,
387 988 527 1052 ΗΒ,
567 980 630 1037 τὸ
674 981 735 1037 δὲ
776 986 887 1038 ΓΛ
926 986 1005 1048 εἰς
1042 981 1108 1038 τὰ
1150 986 1226 1058 τῷ
1268 989 1312 1037 Ζ
1360 990 1454 1038 ἴσα
1502 983 1568 1039 τὰ
1610 989 1738 1055 ΓΘ,
1771 991 1905 1040 ΘΔ·

211 1076 364 1127 ἔσται
420 1069 490 1142 δὴ
548 1078 674 1126 ἴσον
713 1069 776 1126 τὸ
823 1073 1046 1141 πλῆθος
1099 1073 1212 1127 τῶν
1260 1076 1394 1142 ΑΗ,
1417 1077 1530 1126 ΗΒ
1577 1075 1653 1147 τῷ
1701 1071 1907 1143 πλήθει

210 1163 324 1217 τῶν
372 1164 502 1230 ΓΘ,
535 1165 661 1215 ΘΔ.
738 1159 831 1214 καὶ
880 1159 996 1214 ἐπεὶ
1046 1165 1172 1215 ἴσον
1228 1159 1342 1215 ἐστὶ
1398 1157 1459 1215 τὸ
1517 1159 1620 1230 μὲν
1665 1165 1793 1216 ΑΗ
1830 1163 1906 1235 τῷ

211 1255 285 1319 Ε,
324 1249 386 1305 τὸ
430 1248 491 1304 δὲ
531 1253 633 1303 ΓΘ
671 1251 745 1323 τῷ
789 1254 853 1317 Ζ,
894 1254 1020 1303 ἴσον
1061 1246 1170 1321 ἄρα
1208 1247 1271 1304 τὸ
1312 1254 1441 1303 AH
1470 1251 1545 1323 τῷ
1587 1254 1660 1318 Ε,
1699 1249 1791 1303 καὶ
1839 1248 1906 1304 τὰ

209 1343 356 1408 ΛΗ,
388 1342 492 1393 ΓΘ
531 1348 648 1403 τοῖς
694 1342 768 1406 Ε,
803 1342 862 1391 Ζ.
941 1334 1035 1391 διὰ
1085 1334 1156 1413 τὰ
1200 1334 1342 1392 αὐτὰ
1395 1337 1465 1408 δὴ
1515 1343 1640 1392 ἴσον
1689 1338 1804 1393 ἐστὶ
1843 1337 1906 1393 τὸ

213 1432 329 1482 ΗΒ
369 1430 444 1502 τῷ
486 1432 552 1496 Ε,
590 1426 683 1481 καὶ
723 1423 789 1481 τὰ
833 1429 967 1494 ΗΒ,
993 1430 1107 1480 ΘΔ
1145 1436 1261 1491 τοῖς
1287 1431 1354 1494 Ε,
1381 1431 1445 1480 Ζ·
1488 1423 1593 1481 ὅσα
1618 1423 1728 1498 ἄρα
1754 1427 1908 1483 ἐστὶν

213 1518 273 1571 ἐν
320 1519 397 1592 τῷ
437 1521 545 1571 ΑΒ
588 1521 681 1570 ἴσα
720 1515 795 1590 τῷ
837 1519 911 1582 Ε,
958 1517 1202 1569 τοσαῦτα
1240 1514 1332 1570 καὶ
1373 1516 1434 1570 ἐν
1472 1525 1588 1580 τοῖς
1627 1521 1763 1585 AB,
1795 1520 1907 1571 ΓΔ

213 1611 308 1659 ι”σα
346 1615 463 1670 τοῖς
503 1610 576 1675 Ε,
606 1609 671 1658 Ζ·
723 1599 1070 1658 ὁσαπλάσιον
1111 1600 1220 1673 ἄρα
1261 1602 1376 1658 ἐστὶ
1421 1601 1485 1658 τὸ
1534 1608 1642 1658 AB
1689 1607 1792 1659 τοῦ
1839 1610 1906 1674 Ε,

211 1694 661 1748 τοσαυταπλάσια
702 1695 853 1747 ἔσται
893 1689 1091 1747 καὶτὰ
1137 1697 1270 1762 ΑΒ,
1295 1696 1407 1747 ΓΔ
1445 1694 1558 1747 τῶν
1599 1697 1671 1762 Ε,
1698 1698 1757 1748 Ζ.

321 1779 450 1837 Ἐὰν
498 1779 607 1854 ἄρα
658 1773 693 1854 ᾖ
743 1778 1034 1836 ὁποσαοῦν
1088 1782 1298 1852 μεγέθη
1355 1778 1689 1836 ὁποσωνοῦν
1752 1802 1907 1852 μεγε-

213 1874 339 1926 θῶν
380 1878 519 1927 ἴσων
560 1868 622 1926 τὸ
663 1872 882 1941 πλῆθος
920 1869 1155 1925 ἕκαστον
1197 1868 1433 1925 ἑκάστου
1481 1867 1662 1934 ἰσάκις
1705 1875 1909 1924 πολλα-

209 1959 477 2030 πλάσιον,
519 1956 868 2015 ὁσαπλάσιόν
901 1960 1051 2014 ἐστιν
1085 1961 1153 2013 ἓν
1185 1961 1298 2013 τῶν
1338 1960 1595 2029 μεγεθῶν
1635 1957 1779 2027 ἑνός,
1818 1979 1908 2013 το-

211 2047 598 2104 σαυταπλάσια
648 2050 799 2103 ἔσται
846 2046 938 2102 καὶ
985 2045 1050 2102 τὰ
1092 2046 1273 2102 πάντα
1313 2049 1425 2102 τῶν
1464 2045 1714 2101 πάντων·
1772 2043 1909 2118 ὅπερ

211 2140 323 2192 ἔδει
364 2138 553 2203 δεῖξαι.
1044 2191 1059 2197 ,

318 2326 466 2384 Ἐὰν
516 2330 776 2399 πρῶτον
825 2327 1142 2397 δευτέρου
1191 2324 1410 2391 ἰσάκις
1461 2319 1494 2399 ᾖ
1535 2325 1906 2382 πολλαπλά-

333 2496 373 2535 6.
407 2487 730 2535 πολαπλάσιον
761 2489 811 2535 P.
942 2488 1047 2548 τοῦ]
1080 2488 1131 2532 in
1161 2502 1254 2534 ras.
1287 2488 1343 2534 V.
1468 2493 1506 2533 7.
1542 2483 1687 2546 ἐστίν]
1721 2487 1906 2546 μεγέθη

214 2547 341 2595 ἐστίν
373 2549 427 2595 V.
578 2547 782 2622 μεγέθη]
815 2561 905 2593 om.
939 2547 993 2591 V.
1143 2552 1182 2592 9.
1216 2547 1302 2606 τῷ]
1349 2561 1463 2592 corr.
1498 2561 1554 2592 ex
1583 2547 1677 2590 τῶν
1707 2562 1768 2592 m.
1804 2551 1828 2591 1
1853 2546 1908 2591 B.

274 2610 373 2667 ἴσα]
415 2622 530 2654 corr.
574 2622 630 2652 ex
669 2599 789 2654 ουσα
835 2622 895 2653 m.
932 2613 954 2650 1
988 2606 1042 2652 V
1192 2612 1262 2652 10
1296 2604 1382 2665 εἰς]
1418 2604 1521 2663 sip
1671 2606 1756 2664 τῷ]
1791 2620 1904 2651 corr.

213 2683 270 2713 ex
300 2669 394 2712 τῶν
426 2683 486 2712 m.
522 2673 544 2712 1
579 2666 633 2714 Β.
757 2671 824 2711 11.
861 2666 983 2724 ἴσον]
1015 2681 1075 2710 m.
1110 2671 1136 2710 2
1169 2665 1225 2710 V.
1370 2668 1487 2719 AH,
1489 2621 1626 2723 pHB]
1660 2663 1764 2720 Ρφ;
1800 2665 1906 2720 ΓΘ,

215 2729 307 2772 ΘΔ
331 2726 475 2784 BVp.
632 2731 700 2771 12.
737 2727 848 2776 ΓΘ,
876 2726 990 2783 ΘΔ]
1023 2724 1108 2782 Ρφ
1120 2728 1274 2780 ;‚AH
1302 2727 1394 2768 ΗΒ
1425 2723 1565 2780 BVp.
1690 2723 1811 2782 ἴσον]
1844 2738 1906 2767 m.

212 2791 238 2831 2
271 2785 327 2830 V.
482 2791 551 2830 14.
593 2783 667 2844 τό]
707 2785 758 2830 in
805 2797 893 2830 rae.
933 2800 978 2842 p.
1012 2742 1292 2829 Emendatio
1325 2783 1396 2829 ed.
1427 2783 1569 2828 Basil.
1601 2782 1683 2826 lin.
1719 2787 1794 2826 132
1829 2783 1907 2826 ἴσα

214 2841 308 2902 ἄρα
348 2845 429 2889 καὶ
469 2841 527 2889 τὰ
567 2847 683 2901 ΑΗ,
711 2845 803 2889 ΓΘ
840 2848 939 2895 τοῖς
977 2846 1040 2900 Ε,
1066 2846 1100 2887 Ζ
1132 2845 1180 2889 et
1209 2842 1290 2888 lin.
1325 2847 1400 2887 15:
1433 2838 1597 2887 καὶτὸ
1635 2842 1728 2886 ΘΔ
1758 2841 1821 2902 τῷ
1857 2844 1905 2897 Ζ,
