1988 3152
121 1045 175 1085 10

120 1488 176 1528 15

120 1945 176 1986 20

120 2494 176 2535 25

210 119 282 174 62
696 152 699 154 Α
849 118 1186 161 nomn
1218 113 1278 162 ε’.

321 237 599 309 Εἰλήφθω
645 235 755 308 γὰρ
793 239 908 292 τῶν
948 235 1049 306 μὲν
1088 242 1167 306 Α,
1207 243 1263 291 Δ
1303 234 1483 301 ἰσάκις
1521 235 1904 292 πολλαπλάσια
1986 235 1988 257 ³

207 326 274 381 τὰ
306 332 382 397 Η,
422 332 486 395 Θ,
523 328 638 381 τῶν
677 323 741 380 δὲ
770 330 836 395 Β,
876 330 929 379 Ε
965 323 1123 391 ἄλλα,
1162 321 1198 379 ἃ
1239 327 1449 395 ἔτυχεν,
1490 323 1670 389 ἰσάκις
1704 330 1904 380 πολλα-

207 413 413 469 πλάσια
458 412 526 467 τὰ
565 417 643 481 Κ,
683 418 759 483 Λ,
805 413 899 468 καὶ
945 416 1026 468 ἔτι
1070 415 1184 468 τῶν
1215 417 1280 483 Γ,
1320 419 1365 467 Ζ
1404 410 1572 483 ἄλλα,
1619 410 1654 467 ἃ
1696 417 1905 484 ἔτυχεν,

208 504 391 567 ἰσάκις
427 501 815 558 πολλαπλάσια
853 500 920 557 τὰ
961 506 1045 572 Μ,
1085 507 1157 557 Ν.

320 590 437 646 Καὶ
476 591 598 646 ἐπεί
633 591 784 646 ἐστιν
825 588 899 656 ὥς
934 611 998 646 το
1038 597 1093 644 Α
1129 588 1267 662 πρὸς
1304 589 1367 645 τὸ
1410 596 1485 661 Β,
1533 587 1708 655 οὕτως
1745 588 1808 646 τὸ
1850 597 1905 645 Λ

207 677 346 751 πρὸς
382 699 445 734 το
478 684 545 749 Ε,
584 679 677 734 καὶ
717 684 967 750 εἴληπται
1005 681 1118 734 τῶν
1158 677 1260 749 μὲν
1292 685 1362 747 Α,
1396 685 1451 733 Δ
1491 677 1672 744 ἰσάκις
1709 685 1905 734 πολλα·
1972 751 1975 753 ¹

206 767 414 823 πλάσια
450 766 517 824 τὰ
551 773 626 838 Η,
666 773 731 838 Θ,
767 770 882 823 τῶν
920 766 983 823 δὲ
1013 773 1081 837 Β,
1112 773 1164 822 Ε
1199 765 1359 837 ἄλλα,
1398 765 1434 822 ἃ
1475 771 1684 838 ἔτυχεν,
1726 766 1907 834 ἰσάκις

206 855 594 912 πολλαπλάσια
639 854 707 912 τὰ
742 861 822 926 Κ,
862 861 939 926 Λ,
988 854 1297 928 ἔστιν’ὂῖρα
1345 853 1419 922 ὥς
1464 855 1526 912 τὸ
1568 861 1636 910 Η
1664 855 1804 928 πρὸς
1842 855 1903 912 τὸ
1985 866 1988 867 ’

206 949 287 1015 Κ,
336 943 514 1010 οὕτως
550 943 612 1001 τὸ
653 950 702 1000 Θ
738 943 877 1017 πρὸς
914 943 977 1000 τὸ
1019 950 1084 999 Λ.
1159 944 1252 999 διὰ
1298 942 1366 999 τὰ
1407 941 1549 1000 αὐτὰ
1589 943 1658 1015 δὴ
1700 944 1793 1000 καὶ
1833 942 1908 1010 ὡς

207 1035 270 1092 τὸ
310 1039 368 1089 Κ
401 1033 542 1103 πρὸς
579 1033 642 1090 τὸ
684 1040 767 1105 M,
809 1030 988 1098 οὕτως
1025 1030 1088 1089 τὸ
1122 1038 1174 1087 Λ
1212 1031 1352 1105 πρὸς
1392 1030 1455 1088 τὸ
1494 1038 1566 1089 Ν.
1644 1033 1759 1088 ἐπεὶ
1800 1026 1906 1089 οὖν

206 1128 333 1197 τρία
379 1124 588 1194 μεγέθη
633 1122 748 1178 ἐστὶ
786 1120 853 1177 τὰ
899 1127 976 1192 Η,
1017 1126 1096 1191 Κ,
1137 1127 1228 1192 Μ,
1267 1121 1361 1177 καὶ
1401 1120 1543 1177 ἄλλα
1583 1119 1774 1187 αὐτοῖς
1814 1128 1907 1178 ἴσα

205 1213 268 1270 τὸ
309 1217 529 1285 πλῆθος
566 1211 633 1267 τὰ
674 1217 746 1283 Θ,
786 1216 863 1280 Λ,
902 1216 977 1280 Ν,
1019 1208 1232 1266 σύνδυο
1273 1209 1672 1282 λαμβανόμενα
1710 1210 1805 1265 καὶ
1845 1213 1907 1267 ἐν

206 1305 282 1377 τῷ
315 1300 467 1379 αὐτῷ
499 1300 669 1376 λόγῳ,
700 1296 766 1355 δι’
806 1307 935 1355 ἴσου
967 1297 1094 1370 ἄρα,
1128 1302 1180 1354 εἰ
1208 1296 1464 1370 ὑπερέχει
1497 1297 1559 1354 τὸ
1599 1304 1659 1354 Η
1688 1302 1791 1355 τοῦ
1824 1305 1906 1369 M,

207 1387 461 1462 ὑπερέχει
506 1389 599 1445 καὶ
646 1387 708 1444 τὸ
749 1394 796 1444 Θ
834 1391 937 1444 τοῦ
976 1393 1059 1458 Ν,
1105 1387 1198 1443 καὶ
1238 1390 1289 1443 εἰ
1327 1393 1479 1458 ἴσον,
1528 1393 1678 1455 ἴσον,
1724 1388 1818 1442 καὶ
1859 1391 1911 1443 εἰ

209 1483 463 1549 ἔλαττον,
513 1482 755 1534 ἔλαττον.
831 1481 931 1532 καί
976 1478 1091 1533 ἐστι
1136 1474 1203 1531 τὰ
1241 1475 1344 1547 μὲν
1383 1481 1465 1545 Η,
1504 1481 1551 1531 Θ
1588 1478 1702 1531 τῶν
1734 1483 1810 1545 Α,
1852 1483 1908 1531 Δ

210 1567 390 1632 ἰσάκις
427 1565 838 1635 πολλαπλάσια,
884 1564 951 1621 τὰ
992 1564 1055 1620 δὲ
1092 1570 1181 1634 Μ,
1220 1570 1286 1620 Ν
1328 1572 1442 1620 τῶν
1481 1569 1546 1633 Γ,
1587 1570 1631 1619 Ζ
1672 1563 1831 1636 ἄλλα,
1871 1562 1907 1620 ἃ

209 1660 417 1729 ἔτυχεν,
458 1655 640 1721 ἰσάκις
677 1652 1078 1710 πολλαπλάσια.
1142 1656 1294 1708 ἔστιν
1334 1651 1443 1722 ἄρα
1484 1650 1558 1718 ὡς
1588 1652 1650 1707 τὸ
1685 1660 1738 1708 Α
1769 1651 1908 1726 πρὸς

207 1744 269 1801 τὸ
311 1750 375 1816 Γ,
416 1743 593 1811 οὕτως
630 1742 693 1800 τὸ
734 1750 790 1798 Λ
828 1741 967 1814 πρὸς
1004 1740 1067 1798 τὸ
1110 1748 1169 1797 Ζ.

315 1832 450 1890 Ἐὰν
475 1832 584 1906 ἄρα
608 1826 643 1906 ᾖ
668 1829 955 1888 ὁποσαοῦν
988 1831 1198 1902 μεγέθη
1223 1830 1316 1886 καὶ
1341 1829 1484 1886 ἄλλα
1510 1828 1699 1897 αὐτοῖς
1723 1837 1817 1886 ἴσα
1841 1827 1903 1886 τὸ

209 1925 452 1994 πλῆθος,
500 1920 715 1978 σύνδυο
755 1919 1154 1992 λαμβανόμενα
1195 1921 1256 1975 ἐν
1294 1922 1370 1993 τῷ
1411 1916 1560 1996 αὐτῷ
1601 1918 1774 1995 λόγῳ,
1814 1919 1907 1974 καὶ

210 2008 285 2067 δι’
332 2019 459 2067 ἴσου
499 2013 560 2067 ἐν
598 2014 674 2087 τῷ
724 2007 875 2086 αὐτῷ
924 2008 1073 2084 λόγῳ
1115 2012 1290 2064 ἔσται·
1366 2006 1501 2081 ὅπερ
1549 2012 1661 2064 ἔδει
1710 2009 1901 2075 δεῖξαι.

1004 2209 1119 2257 κγ.

315 2289 464 2349 Ἐὰν
510 2286 545 2366 ᾗ
592 2295 741 2362 τρία
788 2291 1032 2362 μεγέθη
1073 2291 1180 2346 καὶ
1219 2289 1382 2346 ἄλλα
1422 2285 1648 2354 αὐτοῖς
1687 2295 1795 2343 ἴσα
1834 2286 1905 2344 τὸ

208 2385 463 2454 πλῆθος
495 2380 748 2437 σύνδυο
780 2378 1252 2451 λαμβανόμενα
1286 2380 1353 2435 ἐν
1385 2380 1467 2453 τῷ
1502 2375 1672 2452 αὐτῷ
1707 2375 1905 2451 λόγῳ,

208 2465 244 2545 ᾖ
294 2470 364 2527 δὲ
409 2469 858 2543 τεταραγμένη
907 2466 1127 2524 αὐτῶν
1182 2465 1216 2539 ἡ
1264 2465 1619 2538 άναλογία,
1666 2465 1774 2520 καὶ
1816 2462 1900 2520 δι’

212 2567 363 2616 ἴσου
403 2561 470 2615 έν
509 2562 592 2635 τῷ
633 2555 805 2635 αὐτῷ
847 2556 1018 2632 λόγω
1061 2560 1258 2612 ἔσται.

1847 2713 1871 2728 ΡΙ

333 2730 372 2770 2.
408 2723 493 2782 δέ]
526 2737 615 2768 om.
648 2736 693 2779 p.
755 2724 811 2766 In
841 2721 877 2766 F
907 2721 957 2766 in
995 2719 1085 2765 hac
1131 2733 1238 2791 pag.
1281 2717 1521 2791 complura
1561 2730 1693 2762 enan.
1839 2716 1900 2833 a}

213 2798 303 2829 om.
335 2784 402 2828 F?
540 2787 580 2827 3.
615 2777 675 2840 ἅ]
712 2795 803 2826 om.
835 2781 886 2826 F.
1023 2785 1064 2824 5.
1095 2777 1213 2851 πρὸς
1244 2776 1317 2836 τό]
1350 2778 1400 2822 in
1430 2791 1520 2822 ras.
1552 2792 1598 2834 p.
1738 2781 1777 2820 7.
1812 2773 1867 2819 δέ

211 2858 272 2888 m.
303 2856 397 2888 rec.
430 2857 475 2899 p.
599 2835 660 2898 ἅ]
692 2856 754 2886 m.
788 2845 814 2885 2
846 2840 898 2885 F.
1023 2844 1062 2883 9.
1096 2835 1240 2897 πρός]
1275 2851 1363 2884 om.
1397 2853 1449 2891 φ.
1573 2841 1640 2881 12.
1674 2832 1731 2879 τὰ
1768 2835 1823 2891 Θ,
1847 2839 1904 2891 A,

212 2903 291 2962 Ν]
325 2916 415 2948 om.
447 2917 500 2959 p;
533 2915 594 2947 m.
628 2905 653 2945 2
686 2900 751 2955 V;
784 2913 955 2957 mg.m
960 2912 1086 2943 .ree.
1113 2898 1164 2944 B.
1290 2902 1357 2943 15.
1394 2894 1602 2953 ἔλασσον,
1636 2892 1831 2940 ἔλασσον
1855 2908 1903 2950 p.
