1988 3152
224 77 261 130 6
858 75 1195 118 ΣΤΟΙΧΕΙῼΗ
1227 71 1286 119 ε’.

339 194 426 250 ιε’.
467 197 820 265 Διαίρεσις
867 191 1073 263 λόγου
1120 193 1234 249 ἐστὶ
1281 195 1448 264 λῆψις
1491 194 1588 263 τῆς
1626 189 1918 265 ὑπεροχῆς,

223 275 260 356 ᾗ
305 281 561 390 ὑπερέχει
606 280 671 338 τὸ
718 279 1038 354 ἡγούμενον
1083 284 1186 338 τοῦ
1237 281 1539 352 ἑπομένου,
1595 280 1736 351 πρὸς
1781 279 1917 337 αὐτὸ

225 370 288 427 τὸ
332 371 624 443 ἑπόμενον.

337 459 430 518 ις’.
466 456 882 531 Ἀναστροφὴ
914 455 1090 530 λόγου
1121 457 1237 514 ἐστὶ
1268 460 1435 529 λῆψις
1465 461 1566 513 τοῦ
1599 454 1919 540 ἡγουμένου

168 559 194 599 5
227 547 368 620 πρὸς
412 547 516 619 τὴν
570 546 879 620 ὑπεροχήν,
935 539 972 620 ᾗ
1026 544 1281 619 ὑπερέχει
1333 544 1397 601 τὸ
1454 543 1772 618 ἡγούμενον
1818 549 1922 604 τοῦ

227 637 521 708 ἑπομένου.

338 724 424 792 ιζ’.
467 723 573 780 Δι’
609 732 760 780 ἴσου
792 723 957 795 λόγος
990 724 1102 780 ἐστὶ
1136 722 1413 779 πλειόνων
1446 721 1630 779 ὄντων
1662 729 1920 795 μεγεθῶν

222 814 316 868 καὶ
370 812 558 869 ἄλλων
614 811 806 879 αὐτοῖς
862 819 1001 867 ἴσων
1054 810 1117 868 τὸ
1164 815 1383 884 πλῆθος
1430 811 1647 868 σύνδυο
1709 819 1918 885 λαμβα-

216 902 481 973 νομένων
527 902 621 957 καὶ
669 903 730 957 ἐν
777 904 852 977 τῷ
906 897 1058 976 αὐτῷ
1106 899 1284 976 λόγῳ,
1329 899 1466 957 ὅταν
1511 894 1546 974 ᾗ
1588 899 1663 967 ὡς
1703 903 1763 957 ἐν
1802 913 1920 968 τοῖς

138 1002 191 1041 10
223 989 465 1063 πρώτοις
503 989 763 1061 μεγέθεσι
801 987 865 1044 τὸ
906 990 1131 1060 πρῶτον
1169 986 1308 1060 πρὸς
1345 988 1408 1045 τὸ
1451 993 1710 1061 ἔσχατον,
1742 989 1921 1056 οὕτως

223 1080 285 1135 έν
324 1090 441 1144 τοῖς
480 1079 760 1150 δευτέροις
797 1077 1059 1149 μεγέθεσι
1096 1075 1158 1132 τὸ
1198 1079 1420 1148 πρῶτον
1459 1073 1598 1147 πρὸς
1643 1077 1705 1134 τὸ
1755 1083 1912 1151 ἔσχα-

222 1186 347 1223 τον·
387 1163 421 1238 ἢ
456 1165 660 1233 ἄλλως·
736 1170 921 1239 Λῆψις
959 1168 1073 1222 τῶν
1125 1164 1315 1238 ἄκρων
1373 1165 1506 1222 καθ’
1560 1164 1913 1238 ὑπεξαίρεσιν

225 1259 339 1312 τῶν
378 1256 580 1328 μέσων.

337 1345 430 1416 ιη’.
479 1344 946 1417 Τεταραγμένη
1018 1343 1090 1400 δὲ
1159 1342 1485 1423 ἀναλογία
1547 1347 1720 1417 ἐστίν,
1784 1343 1919 1401 ὅταν

140 1446 193 1486 15
226 1437 398 1506 τριῶν
456 1433 639 1491 ὄντων
690 1437 949 1505 μεγεθῶν
1002 1433 1095 1489 καὶ
1157 1431 1344 1490 ἄλλων
1406 1432 1597 1499 αὐτοῖς
1651 1440 1793 1489 ἴσων
1854 1433 1917 1490 τὸ

225 1526 445 1594 πλῆθος
491 1527 712 1595 γίνηται
760 1521 835 1590 ὥς
888 1522 991 1594 μὲν
1046 1524 1109 1579 ἐν
1163 1533 1281 1588 τοῖς
1332 1521 1573 1593 πρώτοις
1621 1524 1919 1594 μεγέθεσιν

224 1609 544 1684 ἡγούμενον
592 1611 733 1685 πρὸς
780 1611 1082 1684 ἑπόμενον,
1135 1610 1312 1678 οὕτως
1364 1613 1424 1668 ἐν
1474 1621 1591 1676 τοῖς
1641 1612 1922 1683 δευτέροις

225 1701 524 1772 μεγέθεσιν
570 1699 888 1772 ἡγούμενον
934 1699 1075 1774 πρὸς
1115 1699 1419 1773 ἑπόμενον,
1470 1698 1544 1766 ὡς
1591 1699 1653 1756 δὲ
1694 1702 1754 1756 ἐν
1802 1710 1920 1765 τοῖς

225 1787 468 1859 πρώτοις
506 1789 803 1861 μεγέθεσιν
843 1790 1118 1861 ἑπόμενον
1157 1788 1296 1862 πρὸς
1333 1787 1472 1845 ἄλλο
1511 1810 1591 1859 τι,
1639 1786 1818 1854 οὕτως
1857 1788 1917 1844 ἐν

141 1891 198 1931 20
229 1889 346 1945 τοῖς
386 1879 666 1951 δευτέροις
705 1877 842 1934 ἄλλο
874 1900 924 1934 τι
964 1877 1104 1950 πρὸς
1141 1877 1476 1950 ἡγούμενον.

1033 2025 1106 2083 α’.

332 2114 479 2171 Ἐὰν
539 2107 575 2188 ᾖ
641 2113 982 2172 ὁποσαοῦν
1044 2117 1295 2186 μεγέθη
1353 2112 1752 2170 ὁποσωνοῦν
1814 2137 1920 2186 με-

223 2206 445 2275 γεθῶν
484 2210 645 2259 ἴσων
684 2203 747 2259 τὸ
781 2207 1039 2274 πλῆθος
1071 2205 1348 2259 ἕκαστον
1380 2202 1662 2258 ἑκάστου
1695 2202 1915 2269 ἰσάκις

184 2292 747 2363 ’πολλαπλάσιον,
804 2290 1218 2348 ὁσαπλάσιόν
1274 2294 1455 2348 ἐστιν
1511 2294 1581 2347 ἓν
1632 2295 1760 2348 τῶν
1815 2315 1919 2364 με-

138 2407 195 2447 25
229 2384 455 2453 γεθῶν
486 2381 660 2451 ἑνός,
692 2380 1231 2436 τοσαυταπλάσια
1264 2385 1446 2437 ἔσται
1477 2379 1682 2436 καὶτὰ
1708 2380 1920 2437 πάντα

186 2474 355 2526 -τῶν
395 2470 672 2526 πάντων.

347 2609 416 2650 15.
450 2605 575 2650 Hero
607 2603 697 2649 def.
734 2608 832 2658 127,
866 2608 908 2649 4.
1032 2608 1100 2648 16.
1125 2603 1252 2648 Hero
1283 2601 1374 2648 def.
1403 2607 1503 2658 127,
1529 2607 1568 2648 5.
1694 2609 1762 2649 17.
1794 2602 1917 2649 Hero

226 2662 316 2709 def.
353 2668 460 2718 127,
496 2669 535 2709 7.
662 2669 732 2709 18.
763 2663 888 2708 Hero
918 2661 1010 2707 def.
1045 2667 1152 2718 127,
1186 2668 1242 2707 7⁴?

277 2825 280 2827 Δ
350 2801 389 2841 1.
423 2795 475 2841 δὲ
509 2792 651 2853 λόγου
683 2796 824 2853 FVp.
938 2791 1063 2840 ἐστίν
1094 2796 1146 2840 Β.
1268 2801 1309 2840 4.
1344 2793 1470 2840 ἐστίν
1501 2795 1597 2839 BF.
1719 2799 1759 2840 7.
1794 2789 1919 2839 ἐστίν

228 2855 328 2900 PF.
454 2860 523 2900 10.
556 2853 811 2913 μεγέθεσιν
843 2853 938 2900 ΡΒ.
1067 2859 1135 2899 11.
1168 2855 1421 2912 μεγέθεσιν
1452 2854 1549 2899 ΡΒ.
1608 2854 1723 2899 Post
1745 2854 1835 2900 def.
1864 2859 1918 2899 17
