1988 3152
203 121 272 172 ’74
825 119 1161 161 ΣΤΟΙΧΕΙΩΝ
1194 117 1225 160 ς
1235 114 1261 160 ’.

199 238 322 295 υπὸ
370 237 439 294 τὸ
487 235 646 294 αὐτὸ
687 237 855 303 ὕψος
895 234 1052 292 ὄντα
1091 234 1252 306 πρὸς
1300 232 1546 306 ἄλληλά
1590 235 1767 289 ἐστιν
1808 229 1889 298 ὥς
1975 274 1979 306 3

202 331 270 383 αἱ
305 327 544 398 βάσεις.

297 417 477 472 ’Ἑστω
532 418 778 488 τρίγωνα
834 413 935 484 μὲν
982 412 1050 468 τὰ
1092 419 1265 483 ΑΒΓ,
1298 417 1488 482 ΑΓΛ,
1542 408 1891 481 παραλληλό-
1978 366 1988 472 3

200 526 426 577 γραμμα
481 502 542 559 δὲ
595 501 662 557 τὰ
717 506 838 573 ΕΓ,
879 506 979 556 ΓΖ
1025 499 1134 556 ὑπὸ
1184 499 1247 556 τὸ
1298 497 1433 556 αὐτὸ
1473 499 1621 566 ὕψος
1657 496 1718 553 τὸ
1761 502 1890 553 ΑΓ·
1978 530 1980 535 ·

143 604 169 644 5
201 595 371 664 λέγω,
414 592 499 647 ὅτι
539 591 689 647 ἐστὶν
731 588 806 657 ὡς
843 589 876 661 ἡ
919 595 1030 646 ΒΓ
1059 590 1222 661 βάσις
1259 588 1398 662 πρὸς
1435 588 1539 659 τὴν
1570 593 1674 643 ΓΔ
1705 586 1893 658 βάσιν,

204 681 382 745 οὕτως
434 678 498 736 τὸ
547 684 722 735 ΑΒΓ
760 684 1041 752 τρίγωνον
1090 677 1230 750 πρὸς
1274 676 1337 733 τὸ
1386 681 1552 732 ΑΓΔ
1597 679 1892 750 τρίγωνον,

201 769 295 825 καὶ
341 768 403 824 τὸ
454 774 565 824 ΕΓ
605 766 1186 840 παραλληλόγραμμον
1237 763 1375 839 πρὸς
1427 763 1490 821 τὸ
1540 769 1640 820 ΓΖ
1685 769 1893 835 παραλ-

204 857 616 930 ληλόγραμμον.

311 945 704 1016 Ἐκβεβλήσθω
759 943 870 1016 γὰρ
926 942 960 1015 ἡ
1019 950 1133 999 ΒΔ
1188 941 1275 1016 ἐφ’
1346 941 1574 1016 ἑκάτερα
1628 939 1694 996 τὰ
1758 939 1894 1011 μέρη

123 1048 178 1088 10
212 1035 299 1091 ἐπὶ
336 1033 405 1089 τὰ
444 1041 516 1105 Θ,
542 1039 595 1088 Λ
634 1044 857 1104 σημεῖα,
905 1032 997 1087 καὶ
1035 1035 1356 1087 κείσθωσαν
1402 1034 1467 1104 τῇ
1514 1053 1617 1102 μεν
1657 1033 1767 1085 ΒΓ
1799 1027 1897 1099 βά-
1972 1018 1974 1021 ’

210 1140 295 1180 σει
334 1130 451 1179 ἴσαι
493 1121 958 1193 [ὁσαιδηποτοῦν]
1004 1122 1065 1176 αῖ
1108 1126 1247 1191 ΒΗ,
1280 1125 1411 1190 ΗΘ,
1450 1122 1515 1193 τῇ
1558 1120 1619 1175 δε
1659 1123 1761 1175 ΓΛ
1801 1116 1898 1187 βά-
1976 1113 1988 1207 j

207 1228 290 1268 σει
337 1218 453 1267 ἴσαι
504 1207 919 1280 ὁσαιδηποτοῦν
968 1211 1030 1263 αἱ
1066 1214 1206 1279 ΔΚ,
1232 1213 1373 1280 ΚΛ,
1420 1209 1512 1264 καὶ
1561 1206 1898 1280 ἐπεζεύχθω·
1972 1225 1988 1290 ς

208 1317 312 1357 σαν
353 1300 418 1355 αῖ
451 1304 594 1368 ΑΗ,
619 1304 751 1368 ΑΘ,
777 1303 920 1368 ΑΚ,
945 1303 1072 1353 ΑΛ.
1156 1339 1173 1356 s
1971 1299 1988 1370 ,ἰ

318 1388 434 1444 Καὶ
486 1387 602 1446 ἐπεὶ
650 1395 765 1442 ἶσαι
821 1387 965 1443 εἰσὶν
1012 1390 1074 1442 αἱ
1117 1392 1245 1458 ΓΒ,
1278 1392 1417 1456 ΒΗ,
1451 1393 1564 1443 ΗΘ
1618 1385 1900 1458 ἀλλήλαις,
1972 1372 1988 1445 3

121 1490 176 1531 15
209 1485 302 1534 ἴσα
349 1477 463 1534 ἐστὶ
509 1477 601 1532 καὶ
647 1475 714 1532 τὰ
763 1482 966 1547 ΑΘΗ,
1004 1482 1203 1548 ΑΗΒ,
1234 1481 1407 1532 ΑΒΓ
1444 1482 1689 1549 τρίγωνα
1736 1474 1901 1546 ἄλλή-
1971 1444 1988 1519 ⁹3

207 1573 339 1631 λοις.
418 1563 776 1621 ὁσαπλασίων
824 1563 935 1635 ἄρα
987 1563 1138 1620 ἐστὶν
1191 1562 1226 1636 ἡ
1284 1569 1394 1620 ΘΓ
1441 1564 1602 1635 βάσις
1655 1567 1751 1635 τῆς
1799 1567 1910 1619 ΒΓ
1961 1610 1988 1640 ,1

208 1654 449 1727 βάσεως,
496 1653 981 1710 τοσαυταπλάσιόν
1031 1654 1146 1708 ἐστι
1184 1654 1277 1708 καὶ
1316 1652 1379 1710 τὸ
1423 1657 1593 1709 ΑΘΓ
1625 1657 1901 1725 τρίγωνον
1980 1651 1988 1666 ⁷

208 1747 309 1799 τοῦ
359 1749 529 1799 ΑΒΓ
567 1741 862 1815 τριγώνου.
946 1741 1038 1796 διὰ
1102 1741 1170 1796 τὰ
1219 1740 1359 1797 αὐτὰ
1417 1740 1486 1812 δὴ
1545 1739 1901 1797 ὁσαπλασίων
1975 1741 1988 1805 Ῐς

211 1833 362 1889 ἐστὶν
409 1830 443 1903 ἡ
485 1836 598 1887 ΛΓ
639 1830 799 1901 βάσις
844 1832 941 1901 τῆς
979 1834 1083 1885 ΓΔ
1129 1829 1370 1900 βάσεως,
1416 1829 1903 1886 τοσαυταπλάσιόν
1979 1823 1988 1894 ζ’

124 1938 181 1978 20
215 1923 328 1978 ἐστι
366 1920 460 1975 καὶ
497 1918 559 1975 τὸ
601 1923 775 1974 ΑΛΓ
806 1923 1083 1991 τρίγωνον
1122 1921 1224 1973 τοῦ
1263 1923 1427 1974 ΑΓΔ
1463 1918 1764 1991 τριγώνου·
1811 1918 1903 1973 καὶ
1941 1950 1948 1956 ·
1983 1919 1988 1978 f

211 2012 262 2065 εἰ
315 2015 406 2079 ἴση
464 2007 614 2063 ἐστὶν
662 2004 695 2078 ἡ
748 2012 856 2063 ΘΓ
870 2006 1059 2078 βάσις
1111 2008 1176 2078 τῇ
1226 2011 1325 2062 ΓΛ
1371 2005 1557 2077 βάσει,
1614 2014 1739 2063 ἴσον
1790 2007 1903 2062 ἐστὶ
1975 2030 1988 2046 ’-

210 2098 303 2154 καὶ
357 2095 419 2153 τὸ
477 2100 648 2152 ΑΘΓ
693 2099 971 2167 τρίγωνον
1024 2099 1101 2171 τῷ
1148 2099 1317 2151 ΑΓΛ
1368 2094 1655 2171 τριγώνῳ,
1709 2096 1802 2151 καὶ
1857 2099 1908 2152 εί

211 2185 471 2264 ὑπερέχει
518 2184 550 2257 ἡ
592 2190 700 2241 ΘΓ
730 2184 897 2256 βάσις
943 2187 1040 2256 τῆς
1085 2189 1185 2240 ΓΛ
1230 2184 1469 2256 βάσεως,
1516 2182 1767 2258 ὑπερέχει
1814 2185 1907 2241 καὶ

213 2275 277 2331 τὸ
318 2279 491 2331 ΑΘΓ
522 2279 802 2347 τρίγωνον
841 2277 940 2329 τοί
976 2278 1145 2329 ΑΓΛ
1183 2273 1489 2347 τριγώνου,
1529 2273 1621 2328 καὶ
1661 2277 1712 2329 εἰ
1750 2274 1905 2330 ἐλάσ-

126 2381 182 2422 25
216 2380 359 2434 σων,
424 2367 675 2418 ἔλασσον.
768 2361 1056 2435 τεσσάρων
1112 2361 1181 2434 δὴ
1247 2360 1428 2418 ὄντων
1491 2366 1749 2434 μεγεθῶν
1800 2363 1905 2420 δύο
1975 2412 1981 2437 3

216 2452 318 2525 μὲν
350 2455 570 2523 βάσεων
601 2454 714 2507 τῶν
747 2455 866 2522 ΒΓ,
893 2455 946 2505 Γ
941 2457 1013 2521 Δ,
1047 2449 1151 2506 δύο
1186 2449 1249 2506 δὲ
1271 2449 1563 2523 τριγώνων
1585 2454 1698 2507 τῶν
1722 2457 1905 2524 ΑΒΓ,

216 2546 383 2597 ΑΓΔ
430 2547 680 2612 εἴληπται
727 2539 908 2606 ἰσάκις
953 2538 1339 2596 πολλαπλάσια
1383 2542 1481 2611 τῆς
1525 2539 1629 2612 μὲν
1668 2545 1780 2596 ΒΓ
1808 2540 1908 2612 βά-

219 2647 358 2697 σεως
395 2631 489 2686 καὶ
527 2632 632 2684 τοῦ
671 2634 845 2685 ΑΒΓ
877 2629 1156 2702 τριγώνου
1195 2629 1231 2700 ἥ
1270 2651 1326 2684 τε
1367 2634 1475 2684 ΘΓ
1506 2629 1669 2700 βάσις
1712 2630 1805 2685 καὶ
1843 2629 1906 2686 τὸ

338 2858 380 2899 4.
415 2853 526 2920 ΓΖ]
563 2856 598 2896 Ζ
629 2865 654 2895 e
687 2866 801 2897 corr.
834 2867 895 2896 m.
928 2855 954 2895 2
987 2849 1035 2894 F.
1159 2843 1390 2959 ὕψοςὲΡς
1429 2837 1556 2900 υψος
1596 2840 1728 2914 ὄντα.
1746 2845 1909 2888 Theon

222 2913 390 2971 (BVp,
429 2913 464 2956 F
503 2927 554 2956 m
592 2926 680 2956 ras.
721 2927 781 2955 m.
824 2912 883 2968 2).
1037 2906 1089 2953 τὸ
1132 2909 1247 2966 ΑΓ]
1387 2901 1473 2959 τὴν
1517 2901 1611 2948 άπὸ
1645 2903 1728 2948 τοῦ
1762 2907 1798 2946 Α
1832 2898 1910 2947 ἐπὶ
