1988 3152
172 614 197 652 5

147 1056 202 1096 10

150 1499 203 1540 15

150 1943 208 1984 20

154 2386 210 2428 25

231 129 338 183 136
858 129 1197 172 ΣΤοΙΧΕΙΩΝ
1228 126 1290 176 ς’.

124 219 127 221 Β
227 254 352 304 ΝΘ.
441 245 561 303 ἀλλ’
622 245 696 312 ὡς
754 244 788 318 ἡ
836 252 971 302 ΑΜ
1018 247 1156 317 πρὸς
1201 251 1339 317 ΜΓ,
1395 245 1571 312 οὕτως
1625 245 1688 302 τὸ
1736 253 1922 302 ΑΒΜ

231 340 554 410 [τρίγωνον]
611 333 750 407 πρὸς
805 334 867 390 τὸ
923 340 1118 406 ΜΒΓ,
1169 336 1260 391 καὶ
1315 333 1378 391 τὸ
1427 341 1614 390 ΑΜΕ
1665 334 1804 408 πρὸς
1857 334 1916 392 τὸ

230 429 426 481 ΕΜΓ·
478 421 617 496 πρὸς
649 421 863 494 ἄλληλα
901 422 1009 496 γάρ
1050 427 1192 480 εἰσιν
1234 422 1308 490 ὡς
1348 426 1411 479 αί
1445 424 1650 493 βάσεις.
1712 424 1805 479 καὶ
1847 422 1918 490 ὡς

230 511 339 585 ἄρα
379 515 440 568 ἓν
481 515 598 568 τῶν
639 509 968 583 ἡγουμένων
999 513 1138 586 πρὸς
1171 516 1231 569 ἓν
1263 516 1376 568 τῶν
1409 512 1715 583 ἑπόμενων,
1749 511 1922 579 οὕτως

230 601 449 656 ἅπαντα
494 599 561 655 τὰ
610 599 894 672 ἡγούμενα
941 600 1083 673 πρὸς
1130 600 1346 658 ἅπαντα
1393 601 1459 656 τὰ
1515 600 1778 672 ἑπόμενα·
1849 599 1922 667 ὡς

231 688 338 761 ἄρα
392 689 454 745 τὸ
511 695 695 746 ΑΜΒ
749 694 1028 762 τρίγωνον
1081 690 1218 762 πρὸς
1271 689 1334 746 τὸ
1383 694 1577 759 ΒΜΓ,
1633 689 1809 754 οὕτως
1857 688 1920 745 τὸ

232 784 404 833 ΑΒΕ
445 777 586 850 πρὸς
639 777 700 834 τὸ
750 783 926 835 ΓΒΕ.
1011 778 1133 835 ἄλλ’
1194 777 1268 846 ὡς
1321 779 1384 835 τὸ
1442 783 1627 834 ΑΜΒ
1674 777 1814 850 πρὸς
1858 776 1922 834 τὸ

231 871 424 938 ΒΜΓ,
457 864 635 933 οὕτως
671 866 705 939 ἡ
737 874 872 924 ΑΜ
895 867 1034 939 πρὸς
1057 873 1198 924 ΜΓ·
1230 869 1322 924 καὶ
1349 866 1421 934 ὡς
1445 866 1554 939 ἄρα
1580 865 1612 938 ἡ
1639 871 1772 922 ΑΜ
1788 865 1926 938 πρὸς

232 959 366 1026 ΜΓ,
393 952 569 1021 οὕτως
592 954 654 1011 τὸ
680 962 852 1011 ΑΒΕ
883 961 1161 1027 τρίγωνον
1185 956 1324 1027 πρὸς
1353 955 1415 1012 τὸ
1442 961 1608 1011 ΕΒΓ
1632 961 1924 1027 τρίγωνον.

234 1043 328 1098 διὰ
361 1042 426 1098 τὰ
462 1041 602 1100 αὐτὰ
635 1042 704 1115 δὴ
730 1044 822 1099 καὶ
848 1041 922 1110 ὥς
946 1042 980 1115 ἡ
1008 1049 1127 1099 ΖΝ
1143 1042 1281 1116 πρὸς
1303 1050 1435 1115 ΝΘ,
1462 1042 1638 1110 οὕτως
1661 1044 1723 1100 τὸ
1753 1048 1925 1098 ΖΗΛ

232 1137 511 1205 τρίγωνον
535 1131 672 1205 πρὸς
695 1131 758 1190 τὸ
784 1139 958 1189 ΗΛΘ
982 1137 1273 1205 τρίγωνον.
1333 1138 1431 1188 καί
1460 1135 1608 1189 ἐστιν
1642 1131 1716 1198 ὡς
1741 1130 1773 1202 ἡ
1800 1139 1851 1187 Α
1861 1136 1934 1187 Μ

233 1220 372 1294 πρὸς
402 1226 537 1293 ΜΓ,
570 1219 747 1289 οὕτως
778 1220 812 1294 ἡ
847 1228 965 1277 ΖΝ
989 1221 1130 1295 πρὸς
1153 1228 1287 1278 ΝΘ·
1325 1222 1416 1277 καὶ
1442 1220 1516 1287 ὡς
1540 1220 1647 1294 ἄρα
1672 1221 1734 1277 τὸ
1761 1227 1932 1276 ΑΒΕ

233 1315 512 1383 τρίγωνον
558 1310 698 1382 πρὸς
751 1311 813 1368 τὸ
861 1317 1030 1367 ΒΕΓ
1076 1316 1379 1384 τρίγωνον,
1427 1309 1606 1377 οὕτως
1650 1310 1712 1366 τὸ
1756 1315 1928 1365 ΖΗΛ

234 1403 513 1470 τρίγωνον
559 1399 699 1470 πρὸς
744 1399 807 1456 τὸ
855 1406 1030 1456 ΗΛΘ
1076 1405 1380 1471 τρίγωνον,
1431 1400 1523 1456 καὶ
1572 1398 1808 1465 ἐναλλὰξ
1855 1396 1929 1464 ὡς

236 1487 298 1544 τὸ
347 1495 518 1544 ΑΒΕ
560 1494 838 1561 τρίγωνον
885 1489 1024 1561 πρὸς
1070 1489 1132 1545 τὸ
1187 1495 1358 1545 ΖΗΛ
1403 1494 1703 1562 τρίγωνον,
1751 1486 1930 1554 οὕτως

236 1575 298 1632 τὸ
339 1582 510 1632 ΒΕΓ
541 1582 819 1649 τρίγωνον
858 1577 997 1650 πρὸς
1035 1578 1098 1634 τὸ
1132 1584 1311 1634 ΗΛΘ
1341 1582 1636 1650 τρίγωνον.
1723 1574 1930 1649 ὁμοίως

238 1664 307 1737 δὴ
365 1669 615 1738 δείξομεν
663 1660 1100 1739 ’ἐπιζευχθεισῶν
1156 1671 1270 1723 τῶν
1316 1673 1455 1738 ΒΔ,
1494 1671 1639 1737 ΗΚ,
1695 1664 1782 1722 ὅτι
1836 1666 1928 1722 καὶ

239 1752 314 1821 ὡς
374 1755 437 1811 τὸ
502 1760 671 1811 ΒΕΓ
724 1759 1002 1826 τρίγωνον
1064 1755 1203 1826 πρὸς
1264 1754 1325 1811 τὸ
1392 1760 1565 1811 ΛΗΘ
1633 1760 1930 1827 τρίγωνον,

240 1841 417 1909 οὕτως
463 1843 526 1900 τὸ
576 1848 746 1899 ΕΓΔ
790 1848 1068 1915 τρίγωνον
1119 1843 1259 1917 πρὸς
1313 1844 1375 1901 τὸ
1423 1849 1597 1899 ΛΘΚ
1639 1849 1932 1915 τρίγωνον.

240 1931 331 1987 καὶ
373 1933 494 1988 ἐπεί
529 1934 680 1988 ἐστιν
729 1929 803 1998 ὡς
848 1930 912 1987 τὸ
957 1938 1126 1987 ΑΒΕ
1161 1936 1438 2003 τρίγωνον
1477 1931 1616 2004 πρὸς
1653 1931 1716 1987 τὸ
1759 1938 1931 1987 ΖΗΛ

239 2024 543 2093 τρίγωνον,
585 2018 764 2087 οὕτως
802 2019 864 2076 τὸ
907 2025 1075 2075 ΕΒΓ
1105 2020 1245 2094 πρὸς
1282 2020 1344 2077 τὸ
1387 2027 1585 2092 ΛΗΘ,
1625 2021 1717 2076 καὶ
1751 2025 1829 2076 ἔτι
1868 2021 1929 2077 τὸ

243 2113 410 2166 ΕΓΔ
447 2108 588 2182 πρὸς
626 2107 688 2165 τὸ
730 2113 923 2179 ΛΘΚ,
962 2108 1054 2164 καὶ
1095 2107 1168 2175 ὡς
1208 2107 1316 2182 ἄρα
1356 2112 1418 2165 ἓν
1457 2114 1570 2166 τῶν
1602 2108 1932 2181 ἡγουμένων

240 2197 379 2271 πρὸς
431 2200 492 2253 ἓν
539 2199 652 2253 τῶν
699 2197 1014 2269 ἑπομένων,
1064 2195 1241 2263 οὕτως
1287 2195 1506 2253 ἅπαντα
1543 2197 1610 2259 τὰ
1652 2197 1935 2270 ἡγούμενα

239 2285 380 2359 πρὸς
430 2284 647 2342 ἅπαντα
701 2285 766 2340 τὰ
823 2285 1087 2358 ἑπόμενα·
1151 2291 1302 2343 ἔστιν
1363 2286 1475 2359 ἄρα
1529 2284 1603 2353 ὥς
1657 2286 1718 2342 τὸ
1767 2293 1938 2343 ΑΒΕ

243 2379 522 2447 τρίγωνον
555 2373 694 2447 πρὸς
725 2373 787 2430 τὸ
815 2379 988 2430 ΖΗΛ
1010 2380 1307 2448 τρίγωνον,
1342 2372 1519 2440 οὕτως
1548 2374 1611 2430 τὸ
1648 2381 1939 2431 ΑΒΓΔΕ

242 2463 577 2535 πολύγωνον
625 2463 763 2534 πρὸς
809 2463 871 2520 τὸ
923 2469 1203 2520 ΖΗΘΚΛ
1250 2463 1598 2535 πολύγωνον.
1682 2462 1823 2520 ἀλλὰ
1871 2464 1933 2520 τὸ

243 2558 419 2609 ΑΒΕ
453 2557 732 2623 τρίγωνον
780 2552 920 2625 πρὸς
957 2552 1020 2609 τὸ
1065 2558 1237 2608 ΖΗΛ
1275 2558 1555 2625 τρίγωνον
1602 2556 1935 2608 διπλασίονα

243 2641 417 2712 λόγον
475 2645 585 2713 ἔχει
641 2639 778 2713 ἥπερ
827 2639 860 2712 ἡ
909 2648 1017 2697 ΑΒ
1066 2640 1340 2713 ὁμόλογος
1392 2640 1602 2713 πλευρὰ
1649 2640 1788 2714 πρὸς
1833 2640 1935 2713 τὴν

246 2735 365 2785 ΖΗ
415 2727 696 2799 ὁμόλογον
750 2729 1022 2802 πλευράν·
1094 2729 1158 2785 τὰ
1215 2728 1323 2802 γὰρ
1371 2727 1538 2800 ὅμοια
1584 2734 1829 2801 τρίγωνα
1877 2730 1937 2786 ἐν

367 2869 405 2907 1.
441 2860 503 2913 ὡς
543 2862 630 2918 μέν
668 2862 718 2907 Ρ.
874 2857 1023 2914 οὕτως
1069 2864 1155 2908 καί
1187 2878 1232 2920 p.
1385 2867 1426 2907 2.
1468 2863 1717 2921 τρίγωνον]
1757 2877 1846 2907 om.
1885 2862 1935 2909 P.

246 2920 364 2979 πρὸς
401 2920 454 2966 τὸ
494 2925 660 2979 ΜΒΓ,
706 2921 787 2966 ’καὶ
835 2918 886 2966 τὸ
934 2923 1112 2982 ΑΜΕ]
1159 2937 1252 2980 mg.
1293 2937 1355 2966 m.
1399 2926 1421 2965 1
1464 2935 1552 2967 om.
1600 2921 1754 2979 priore
1792 2918 1845 2965 τό
1885 2921 1935 2966 Ρ.
