1988 3152
534 10 995 53 ELEMENTORUM
1023 11 1207 52 LIBER
1236 11 1314 54 IX.
1660 9 1771 61 413

14 122 19 198 J
67 149 162 184 rus
202 133 418 200 praeter
455 135 524 199 A,
563 133 627 199 Β,
666 133 720 183 Γ
753 131 927 198 [prop.
956 129 1128 196 XIII}
1193 133 1247 182 ef,
1287 129 1634 200 suppositum
1675 137 1771 200 est,

73 223 122 272 Ο
158 220 295 272 nulli
332 236 681 271 numerorum
721 224 789 287 A,
828 222 891 287 Β,
922 220 976 270 Γ
1008 219 1288 287 aequalem
1328 237 1459 273 esse.
1523 237 1688 288 quare
1725 223 1772 272 O

70 302 356 362 numeriim
396 311 452 359 A
490 325 603 360 non
642 306 911 359 metietur.
994 310 1077 360 est
1117 310 1300 360 autem
1342 311 1771 361 O:A=E:H.

67 398 251 467 itaque
283 415 352 449 ne
385 399 438 449 E
467 396 682 466 quidem
713 413 999 448 numerum
1032 400 1094 448 Π
1119 397 1344 449 metitur
1377 396 1507 463 [VII
1533 397 1637 450 def.
1661 398 1772 464 20].

0 481 9 554 ἱ
71 489 129 539 ef,
166 489 219 538 E
265 486 472 555 primus
521 489 619 539 est.
697 485 870 538 omnis
919 488 1099 537 autem
1145 486 1352 555 primus
1398 505 1656 539 numerus
1705 486 1772 540 ad

0 558 7 664 Ι
72 593 305 644 omnem,
344 593 503 644 quem
534 593 647 627 non
681 574 919 642 metitur,
952 574 1161 642 primus
1195 580 1279 627 est
1306 574 1450 643 [VII‚
1476 576 1585 643 29].
1641 594 1770 646 ergo

0 679 3 682 ’
69 667 135 731 Ε,
168 667 231 715 Π
263 663 406 716 inter
446 682 503 716 se
542 664 704 733 primi
745 665 883 716 sunt.
946 663 1110 731 primi
1147 666 1330 716 au’uem
1363 665 1527 716 etiam
1560 665 1772 719 minimi

0 755 3 778 '·
69 755 197 804 sunt
238 751 382 822 [VII,
407 753 524 822 21],
571 752 784 805 minimi
824 755 1006 805 autem
1047 771 1161 821 eos,
1210 753 1303 823 qui
1342 754 1571 807 eandem
1610 755 1772 807 ratio-

75 859 199 893 nem
232 841 457 911 habent,
489 843 787 911 aequaliter
810 842 1109 894 metiuntur
1137 841 1280 911 [VIL
1305 843 1415 910 20],
1447 843 1771 914 praecedens

68 930 478 999 praecedentem
519 935 573 983 et
613 949 842 1000 sequens
884 933 1219 1002 sequentem3
1262 935 1316 984 et
1356 936 1439 985 est

680 1024 733 1073 E
756 1040 767 1072 :
794 1024 853 1072 Π
877 1045 946 1063 =
977 1023 1023 1072 O
1049 1039 1060 1072 :
1084 1024 1154 1073 A.

68 1107 256 1178 itaque
304 1112 357 1160 E
401 1127 687 1162 numerum
738 1112 785 1161 Ο
837 1113 890 1163 et
934 1114 998 1162 H
1041 1128 1326 1162 numerum
1367 1114 1422 1163 A
1474 1111 1774 1180 aequaliter

69 1197 306 1250 metitur.
363 1203 418 1250 A
451 1203 631 1252 autem
662 1217 951 1251 numerum
982 1199 1165 1251 nullus
1200 1200 1336 1252 alius
1370 1200 1595 1252 metitur
1623 1218 1767 1269 prae-

69 1287 155 1337 ter
194 1291 261 1355 A,
291 1289 355 1355 Β,
385 1290 446 1340 Γ.
509 1289 691 1357 itaque
730 1291 796 1340 Π
828 1288 990 1340 alicui
1028 1305 1376 1340 numerorum
1408 1292 1476 1358 A,
1508 1292 1570 1358 B,
1602 1291 1655 1342 Γ
1688 1307 1773 1342 ae-

71 1374 249 1442 qualis
290 1378 386 1428 est.
465 1377 538 1429 sib
575 1381 633 1429 H
659 1402 728 1419 =
754 1379 817 1429 Β.
894 1380 948 1429 et
989 1376 1123 1446 q'uot
1163 1378 1288 1428 sunt
1327 1377 1671 1431 mulssitudine
1710 1382 1773 1449 B,

72 1464 133 1532 Γ,
174 1468 242 1532 Δ,
281 1465 511 1517 totidem
553 1469 837 1517 sumantur
878 1466 945 1518 ab
987 1468 1041 1517 E
1075 1466 1287 1518 numeri
1327 1469 1389 1535 E,
1430 1469 1555 1536 ΘΚ,
1597 1470 1662 1520 Λ.
1719 1470 1774 1520 eb

70 1555 135 1621 E,
174 1556 301 1621 ΘΚ,
340 1557 391 1606 Λ
430 1555 488 1606 in
529 1554 715 1607 eadem
755 1555 963 1607 ratione
1004 1558 1133 1607 sunia
1172 1573 1234 1606 ae
1272 1558 1338 1623 Β,
1370 1557 1430 1624 Γ,
1466 1560 1534 1608 A.
1588 1556 1773 1625 itaque

72 1658 137 1693 ex
177 1661 348 1711 aequo
389 1643 492 1695 erit
533 1642 675 1710 [VII‚
715 1644 803 1710 14]
845 1647 892 1696 Β
919 1662 930 1695 :
957 1648 1012 1696 A
1038 1647 1212 1696 =E:
1239 1647 1305 1697 A.
1383 1663 1549 1713 quare

477 1732 1224 1801 B><A=A><E[VII‚
1262 1733 1366 1799 19].

74 1820 165 1873 sed
207 1826 263 1872 A
286 1834 357 1877 ><
383 1825 436 1873 E
459 1847 528 1863 =
554 1825 618 1873 H
636 1834 707 1875 ><
736 1825 797 1875 O.
876 1840 1042 1892 quare
1084 1822 1247 1874 etiam

627 1915 687 1962 H
709 1923 780 1966 ><
809 1914 855 1962 Ο
881 1937 950 1954 =
975 1915 1023 1964 Β
1049 1924 1120 1967 ><
1141 1914 1214 1965 Λ.

70 1997 252 2066 itaque
292 2002 356 2051 H
382 2017 394 2051 :
427 2002 473 2051 Β
509 2025 578 2041 =
611 2003 663 2052 A
695 2020 707 2052 ε
735 2003 781 2052 Ο
815 1999 959 2069 [VIL
994 2001 1103 2068 19].
1181 2003 1235 2053 ei]
1274 2005 1337 2053 H
1356 2026 1424 2044 τ-
1451 2004 1513 2055 Β.
1590 2002 1772 2071 itaque
1864 2067 1867 2070 Ι

72 2087 238 2138 etiam
285 2090 336 2139 A
370 2114 438 2131 =
476 2091 544 2159 03
599 2089 741 2157 quod
796 2089 913 2142 fieri
966 2108 1077 2142 non
1130 2092 1327 2158 potesta.
1402 2108 1532 2142 nam
1579 2107 1774 2159 suppo-

73 2176 238 2228 situm
293 2179 397 2245 esta,
449 2180 495 2229 Ο
540 2178 679 2230 nulli
724 2196 1073 2231 numerorum
1124 2179 1528 2248 propositorum
1576 2196 1772 2248 aequa-

71 2265 179 2317 lem
227 2283 357 2318 esse.
434 2266 616 2334 itaque
664 2267 844 2319 nullus
891 2285 1146 2321 numerus
1187 2287 1473 2321 numerum
1513 2271 1633 2321 ZH
1664 2286 1772 2321 me-

74 2475 116 2514 A
158 2485 202 2527 q.
283 2475 376 2516 ¹22.
411 2472 474 2530 Β]
508 2471 672 2529 (prius)
706 2486 730 2516 e
764 2486 878 2518 corr.
912 2488 955 2529 q.
1050 2478 1120 2518 23.
1154 2474 1219 2532 A]
1258 2475 1298 2519 Ο
1329 2492 1364 2531 φ
1398 2477 1510 2530 (non
1539 2475 1608 2531 F).
1704 2474 1770 2532 Ο]

74 2534 114 2574 Λ
153 2546 188 2586 φ
230 2532 343 2583 (non
374 2531 456 2587 R).
550 2536 620 2576 24.
656 2528 942 2589 ἐγκειμένων
973 2533 1074 2577 FV.
1167 2538 1238 2578 25.
1264 2539 1424 2591 μετρεῖ
1452 2533 1503 2579 P.
