1988 3152
205 654 232 692 5

178 1097 233 1137 10

179 1546 233 1586 15

179 1989 236 2028 20

178 2429 235 2469 25

263 172 374 226 305
896 171 1232 214 zTOIXEmN
1261 169 1328 228 η’.

368 288 426 345 Ὁ
448 288 556 361 γὰρ
581 294 635 345 Γ
652 287 852 344 ἑαυτὸν
877 287 981 359 μὲν
1003 290 1490 355 πολλαπλασιάσας
1512 288 1612 345 τὸν
1638 295 1690 344 Ε
1707 293 1951 359 ποιείτω,

263 376 364 434 τὸν
390 378 452 433 δὲ
477 385 531 432 A
554 377 1042 442 πολλαπλασιάσας
1065 375 1164 432 τὸν
1191 384 1235 433 Ζ
1259 383 1499 447 ποιείτω,
1525 376 1554 434 6
1582 377 1644 433 δὲ
1669 383 1724 432 A
1749 375 1950 432 ἑαυτὸν

263 465 751 531 πολλαπλασιάσας
781 465 882 521 τὸν
913 471 980 520 Η
1000 471 1242 536 ποιείτω,
1275 467 1530 539 ἑκάτερος
1562 466 1624 522 δὲ
1659 469 1773 521 τῶν
1807 470 1870 535 Γ,
1897 472 1952 520 A

264 553 364 609 τὸν
414 560 458 608 Ζ
503 553 994 620 πολλαπλασιάσας
1047 553 1310 627 ἑκάτερον
1347 563 1462 610 τῶν
1508 561 1580 624 Θ,
1613 559 1670 609 Κ
1713 557 1952 609 ποιείτω.

377 642 492 696 Καὶ
539 643 655 698 ἐπεὶ
701 641 872 713 κύβος
918 642 1069 698 ἐστὶν
1118 639 1147 697 6
1195 649 1273 712 A,
1328 640 1537 714 πλευρὰ
1590 641 1651 696 δὲ
1697 638 1872 696 αὐτοῦ
1920 639 1951 696 6

266 734 327 799 Γ,
366 730 459 784 καὶ
499 727 528 786 ὅ
573 735 627 786 Γ
657 730 857 786 ἑαυτὸν
895 730 1380 795 πολλαπλασιάσας
1410 728 1509 785 τὸν
1551 735 1603 784 Ε
1636 733 1952 799 πεποίηκεν,

265 815 295 873 ὁ
334 821 387 872 Γ
421 816 532 886 ἄρα
571 817 771 874 ἑαυτὸν
811 817 912 889 μὲν
951 817 1443 882 πολλαπλασιάσας
1489 815 1589 872 τὸν
1631 823 1683 871 Ε
1726 823 1952 888 πεποίη-

262 927 386 976 κεν,
449 904 551 961 τὸν
612 905 676 962 δὲ
729 912 781 960 Ε
829 904 1318 970 πολλαπλασιάσας
1378 903 1479 960 τὸν
1532 912 1585 959 Α
1638 909 1952 976 πεποίηκεν.

266 992 360 1049 διὰ
399 992 466 1049 τὰ
507 991 648 1049 αὐτὰ
690 993 759 1065 δὴ
801 995 892 1049 καὶ
932 991 962 1049 6
1004 999 1059 1048 A
1099 991 1302 1048 ἑαυτὸν
1333 992 1435 1064 μὲν
1466 993 1954 1059 πολλαπλασιάσας

267 1084 366 1137 τὸν
407 1087 472 1136 Η
500 1087 824 1154 πεποίηκεν,
870 1081 970 1138 τὸν
1018 1080 1080 1137 δὲ
1126 1087 1192 1136 Η
1230 1081 1719 1147 πολλαπλασιάσας
1763 1081 1865 1138 τὸν
1904 1088 1952 1137 Β

264 1173 578 1240 πεποίηκεν.
654 1171 746 1225 καὶ
786 1170 902 1226 ἐπεὶ
942 1167 971 1225 ὁ
1012 1174 1066 1225 Γ
1099 1168 1362 1242 ἑκάτερον
1408 1173 1520 1226 τῶν
1559 1175 1630 1240 Γ,
1665 1177 1719 1225 A
1757 1177 1955 1227 πολλα-

264 1257 575 1324 πλασιάσας
620 1258 884 1329 ἑκάτερον
934 1261 1048 1314 τῶν
1102 1264 1167 1327 Ε,
1201 1264 1245 1313 Ζ
1284 1263 1608 1330 πεποίηκεν,
1657 1263 1807 1314 ἔστιν
1845 1258 1955 1330 ἄρα

267 1343 340 1411 ὡς
388 1343 417 1401 6
466 1350 520 1400 Γ
557 1345 694 1417 πρὸς
739 1345 839 1402 τὸν
881 1354 959 1417 A,
1009 1346 1187 1412 οὕτως
1236 1344 1265 1402 6
1308 1353 1360 1401 Ε
1395 1346 1533 1418 πρὸς
1579 1346 1680 1403 τὸν
1722 1353 1779 1402 Ζ.
1858 1347 1952 1402 διὰ

265 1433 332 1487 τὰ
383 1431 524 1489 αὐτὰ
580 1433 649 1505 δὴ
697 1435 789 1490 καὶ
836 1433 912 1500 ὡς
958 1432 987 1491 ὁ
1035 1440 1089 1490 Γ
1135 1434 1275 1505 πρὸς
1320 1435 1423 1492 τὸν
1471 1443 1549 1506 A,
1606 1432 1860 1506 οὗτωςὸ
1912 1442 1956 1490 Ζ

264 1519 403 1593 πρὸς
448 1519 552 1577 τὸν
599 1527 670 1577 H.
747 1521 942 1593 πάλιν,
991 1522 1105 1579 ἐπεὶ
1154 1520 1181 1579 6
1231 1528 1285 1578 Γ
1325 1522 1588 1594 ἑκάτερον
1634 1527 1747 1579 τῶν
1795 1530 1868 1595 Ε,
1911 1530 1955 1578 Ζ

265 1608 754 1675 πολλαπλασιάσας
793 1610 1056 1679 ἑκάτερον
1095 1613 1208 1666 τῶν
1246 1617 1324 1680 A,
1357 1617 1404 1666 Q
1441 1615 1764 1682 πεποίηκεν,
1806 1617 1956 1668 ἔστιν

266 1696 376 1769 ἄρα
424 1695 499 1762 ὥς
548 1695 577 1753 6
630 1704 683 1753 Ε
724 1698 862 1770 πρὸς
908 1698 1009 1754 τὸν
1060 1705 1131 1770 Ζ,
1180 1699 1356 1764 οὕτως
1404 1697 1433 1755 6
1482 1707 1536 1754 A
1581 1699 1731 1771 πρὸς.
1757 1699 1857 1756 τὸν
1895 1708 1956 1756 Θ.

267 1784 342 1851 ὡς
397 1785 459 1842 δὲ
514 1783 543 1841 6
600 1792 653 1840 Ε
696 1785 835 1858 πρὸς
881 1786 979 1842 τὸν
1027 1793 1099 1856 Ζ,
1156 1784 1332 1852 οὕτως
1379 1785 1408 1842 6
1457 1792 1511 1842 Γ
1548 1788 1686 1861 πρὸς
1731 1788 1831 1845 τὸν
1881 1797 1957 1845 A·

266 1875 359 1930 καὶ
406 1872 480 1939 ὥς
526 1875 636 1946 ἄρα
676 1872 705 1930 6
746 1880 799 1930 Γ
829 1875 970 1945 πρὸς
1007 1874 1108 1930 τὸν
1150 1882 1230 1945 A,
1279 1875 1455 1941 οὕτως
1504 1874 1533 1932 6
1576 1884 1629 1932 A
1672 1878 1810 1949 πρὸς
1857 1877 1957 1934 τὸν

270 1969 331 2019 Θ.
407 1961 604 2032 πάλιν,
646 1964 760 2018 ἐπεὶ
793 1963 1049 2033 ἑκάτερος
1087 1967 1200 2018 τῶν
1242 1968 1304 2033 Γ,
1339 1971 1392 2018 A
1430 1964 1530 2020 τὸν
1572 1971 1616 2020 Ζ
1647 1972 1957 2022 πολλαπλα-

268 2050 466 2117 σιάσας
514 2050 777 2123 ἑκάτερον
824 2056 937 2108 τῶν
975 2059 1047 2122 Θ,
1080 2056 1137 2106 K
1171 2057 1495 2124 πεποίηκεν,
1544 2059 1694 2109 ἔστιν
1735 2053 1844 2125 ἄρα
1884 2052 1960 2120 ὥς

267 2138 297 2197 6
348 2145 401 2197 Γ
448 2138 587 2210 πρὸς
631 2139 730 2196 τὸν
781 2149 860 2211 A,
916 2139 1092 2206 οὕτως
1141 2137 1169 2196 6
1212 2147 1259 2195 Q
1304 2140 1441 2212 πρὸς
1486 2141 1586 2198 τὸν
1626 2148 1693 2199 Κ.
1769 2141 1959 2212 πάλιν,

269 2228 383 2285 ἐπεὶ
424 2225 452 2283 6
498 2235 552 2282 A
593 2228 853 2301 ἑκάτερον
893 2233 1007 2285 τῶν
1049 2235 1121 2298 Ζ,
1155 2234 1219 2283 Η
1230 2230 1741 2296 ,πολλαπλασιάσας
1779 2230 1959 2286 ἑκάτε-

269 2339 372 2390 ρον
425 2319 539 2373 τῶν
586 2322 665 2387 K,
706 2323 752 2372 Β
800 2321 1124 2388 πεποίηκεν,
1175 2322 1326 2372 ἔστιν
1373 2317 1482 2389 ἄρα
1531 2318 1604 2385 ὡς
1652 2318 1680 2375 6
1732 2326 1776 2374 Z
1822 2319 1962 2391 πρὸς

267 2403 367 2462 τὸν
414 2410 497 2474 Η,
553 2403 729 2471 οὕτως
776 2403 806 2461 6
854 2411 911 2461 K
954 2404 1093 2478 πρὸς
1138 2405 1242 2461 τὸν
1290 2413 1352 2461 Β.
1429 2404 1502 2473 ὡς
1550 2407 1611 2462 δὲ
1667 2407 1690 2463 ἱ
1739 2415 1783 2462 Ζ
1822 2407 1962 2479 πρὸς

268 2491 369 2549 τὸν
409 2498 487 2566 Η,
529 2491 705 2560 οὕτως
738 2492 766 2549 6
810 2499 863 2549 Γ
887 2497 1026 2566 πρὸς
1058 2493 1161 2550 τὸν
1196 2502 1270 2549 Δ·
1310 2495 1401 2550 καὶ
1435 2493 1508 2561 ὡς
1541 2495 1650 2566 ἄρα
1684 2494 1712 2552 6
1748 2502 1800 2552 Γ
1824 2495 1964 2570 πρὸς

268 2581 369 2638 τὸν
410 2589 491 2651 A,
534 2579 710 2648 οὕτως
750 2581 781 2638 ὅ
820 2605 876 2638 τε
915 2591 967 2638 A
1006 2581 1146 2654 πρὸς
1185 2582 1284 2638 τὸν
1326 2589 1372 2638 Θ
1409 2584 1501 2637 καὶ
1543 2581 1572 2639 6
1615 2591 1661 2639 Θ
1692 2583 1830 2656 πρὸς
1860 2583 1960 2640 τὸν

271 2676 328 2726 K
370 2669 463 2726 καὶ
511 2666 539 2724 6
589 2675 646 2724 K
687 2669 826 2743 πρὸς
864 2670 965 2727 τὸν
1005 2677 1067 2727 Β.
1138 2675 1252 2728 τῶν
1294 2678 1368 2740 A,
1401 2677 1449 2726 B
1497 2673 1608 2745 ἄρα
1657 2673 1761 2728 δύο
1801 2673 1961 2743 μέσοι

271 2757 556 2828 ἀνάλογόν
598 2762 740 2813 εἰσιν
782 2762 838 2814 οἰ
873 2765 944 2830 Θ,
978 2765 1046 2815 Κ.

388 2881 430 2920 4.
465 2876 525 2934 Ζ]
562 2890 675 2920 eras.
710 2877 763 2921 V.
858 2883 895 2922 6.
931 2879 1158 2934 πεποίηκε
1193 2878 1293 2935 Vq).
1390 2883 1428 2924 7.
1461 2880 1688 2935 πεποίηκε
1722 2879 1823 2935 ch.
1917 2883 1960 2923 8.

269 2937 497 2992 πεποίηκε
532 2935 632 2991 ch.
743 2941 810 2980 10.
844 2938 1072 2993 πεποίηκε
1109 2938 1207 2994 ch.
1315 2942 1382 2982 11.
1415 2940 1643 2995 πεποίηκε
1681 2937 1779 2994 Vq).
1890 2943 1960 2983 17.
