1988 3152
522 0 983 42 ELEMENTORUM
1012 0 1196 41 LIBER
1225 1 1303 43 IX.
1647 0 1754 52 361

68 119 262 172 cubum
303 136 419 172 esse
457 122 671 188 praeter
710 122 964 188 quartum
1006 119 1073 172 ab
1107 119 1332 188 unitate,
1371 121 1425 172 et
1455 119 1757 190 quicunque

0 269 7 274 ‚
62 207 268 260 duobus
306 207 439 260 locis
479 206 695 260 distent.

0 365 5 371 ,
170 314 298 348 nam
339 295 385 347 si
423 295 540 347 fieri
578 297 774 363 potest,
815 295 888 347 sit
917 298 974 347 A
1013 295 1195 349 cubuS.
1259 299 1342 348 est
1379 299 1559 348 autem
1591 297 1757 349 etiam

0 415 10 419 -
62 386 116 437 Γ
146 385 314 436 cubus
358 385 528 452 [prop.
554 383 735 453 VH1];
777 386 1000 453 quartus
1034 385 1178 437 enim
1212 387 1292 437 est
1325 386 1392 438 ab
1424 385 1648 438 unitate.
1703 387 1758 438 et

58 475 134 526 F:
149 476 206 524 A
225 498 293 515 =
312 475 386 525 B:
406 474 466 525 Γ.
507 489 672 541 quare
691 471 856 524 etiam
881 475 929 524 Β
948 473 1015 525 ad
1033 475 1087 525 Γ
1102 473 1370 526 rationem
1393 473 1574 548 habet,
1592 492 1757 543 quam

0 627 3 630 .
59 561 225 614 cubus
244 561 311 613 ad
335 561 546 614 cubum.
601 564 655 614 et
686 563 739 613 Γ
764 561 931 613 cubus
965 564 1061 613 est.
1115 562 1299 631 itaque
1325 562 1489 615 etiam
1512 565 1560 615 Β
1586 563 1754 616 cubus

59 652 142 702 est
174 649 317 718 [VII,
346 650 430 702 13.
467 647 618 719 VIII,
643 649 755 716 25].
819 652 872 702 et
904 651 1158 719 quoniam
1192 654 1274 703 est
1309 652 1335 704 1
1365 671 1376 704 :
1402 655 1455 703 A
1482 677 1550 694 =
1574 655 1629 703 A
1653 671 1664 703 ε
1691 654 1755 721 Β,

0 759 2 761 ·
62 744 116 791 et
154 739 334 790 unitas
371 756 656 790 numerum
688 742 743 790 A
783 739 1078 791 secundum
1116 740 1354 792 unitates
1392 739 1565 808 ipsius
1602 740 1756 793 meti-

58 829 165 894 tur,
206 827 369 879 etiam
399 831 454 879 A
491 846 775 880 numerum
808 832 856 880 Β
898 829 1187 882 secundum
1221 829 1457 882 unitates
1491 847 1617 882 suas
1651 848 1758 882 me-

57 915 203 967 titur.
260 915 444 986 itaque
477 915 580 968 erit
610 920 663 968 A
687 928 759 972 ><
783 921 837 968 A
864 942 934 960 =
960 920 1022 972 Β.
1078 917 1163 970 sin
1194 935 1451 970 numerus
1486 936 1542 971 se
1575 917 1756 988 ipsum

57 1005 423 1074 multiplicans
465 1006 663 1058 cubum
703 1006 953 1076 effecerit,
992 1009 1046 1059 et
1083 1007 1199 1074 ipse
1241 1006 1407 1059 cubus
1442 1006 1544 1058 erit
1580 1007 1754 1076 [prop.

56 1092 175 1159 VIJ.
238 1093 420 1164 itaque
452 1098 506 1146 A
536 1094 704 1146 cubus
733 1097 835 1163 est3
876 1094 1018 1163 quod
1050 1098 1133 1147 est
1165 1097 1352 1147 contra
1383 1094 1752 1163 hypothesim.

57 1199 184 1252 ergo
223 1186 280 1235 A
318 1183 485 1236 cubus
523 1200 634 1235 non
675 1185 771 1236 est.
846 1183 1098 1236 similiter
1138 1182 1647 1251 demonstrabimus,
1686 1202 1754 1236 ne

57 1272 220 1324 alium
270 1271 486 1341 quidem
525 1271 697 1323 ullum
737 1271 935 1324 cubum
976 1290 1092 1325 esse
1132 1275 1349 1341 praeter
1390 1274 1644 1341 quartum
1685 1273 1753 1326 ab

54 1358 279 1427 unitate,
320 1361 375 1411 et
414 1359 719 1429 quicunque
762 1358 972 1412 duobus
1011 1360 1144 1413 locis
1186 1359 1406 1430 distent3
1455 1361 1596 1429 quod
1637 1364 1754 1414 erat

56 1446 550 1501 demonstrandum.

856 1551 948 1604 XI.

168 1653 224 1707 Si
272 1655 540 1724 quotlibet
585 1655 797 1707 numeri
846 1655 1097 1725 deinceps
1145 1653 1580 1725 proportionales
1630 1661 1756 1711 sunt

57 1743 125 1795 ab
163 1743 393 1810 unitate,
433 1743 611 1797 minor
651 1744 914 1796 maiorem
956 1744 1247 1798 secundum
1291 1745 1525 1815 aliquem
1567 1765 1754 1800 eorum

54 1833 292 1901 metitur,
336 1833 429 1902 qui
467 1832 611 1885 inter
649 1851 905 1885 numeros
944 1834 1387 1903 proportionales
1429 1837 1663 1888 exstant.

168 1919 291 1974 Sint
331 1920 599 1990 quotlibet
636 1922 851 1974 numeri
892 1922 959 1974 ab
999 1923 1210 1976 unitate
1242 1927 1297 1974 A
1337 1923 1587 1992 deinceps
1627 1944 1752 1994 pro-

55 2010 390 2079 portionales
429 2013 494 2079 Β,
525 2012 586 2078 Γ,
621 2014 690 2078 Δ,
723 2013 786 2062 Ε.
858 2009 991 2075 dico,
1032 2029 1096 2063 ex
1134 2012 1374 2065 numeris
1415 2015 1479 2082 Β,
1511 2014 1570 2082 Γ,
1602 2017 1672 2081 Δ,
1704 2018 1758 2067 Ε

57 2098 341 2151 minimum
379 2101 426 2150 Β
474 2117 757 2151 numerum
797 2102 850 2151 E
898 2100 1189 2152 secundum
1230 2100 1464 2170 aliquem
1505 2120 1753 2156 numero-

54 2206 175 2240 rum
216 2189 275 2255 Γ,
317 2191 371 2238 A
411 2187 604 2240 metiri.

166 2294 293 2328 nam
334 2276 590 2344 quoniam
632 2279 714 2328 est
753 2280 805 2328 A
831 2295 841 2328 :
867 2279 914 2328 B
941 2300 1007 2316 =
1035 2280 1090 2328 A
1114 2299 1124 2328 ε
1154 2280 1217 2346 Ε,
1256 2282 1309 2330 A
1348 2278 1528 2331 unitas
1568 2298 1754 2333 nume-

53 2477 157 2539 τόν]
202 2473 292 2526 οωζ
332 2482 383 2527 Β.
448 2476 597 2532 οὕτως
637 2477 662 2526 ὁ
696 2482 746 2526 Β.
903 2487 972 2526 14.
1006 2481 1113 2539 καί]
1146 2497 1285 2540 supra,
1316 2498 1378 2527 m.
1416 2488 1437 2526 1
1473 2483 1523 2529 P.
1680 2490 1748 2531 15.

56 2536 168 2585 οὐδέ
201 2540 305 2596 Vq).
431 2546 500 2585 20.
534 2536 742 2585 ἐλάσσων
775 2541 823 2585 Ρ.
950 2546 1020 2586 23.
1055 2537 1301 2586 ὁποιοιοῦν
1331 2542 1391 2596 Ρ;
1425 2556 1539 2587 corr.
1571 2559 1632 2589 m.
1660 2559 1751 2590 ree.

56 2603 127 2644 24.
168 2603 220 2657 B,
254 2600 319 2703 ξ]
346 2600 509 2656 (prius)
542 2601 591 2644 in
614 2614 703 2644 ras.
740 2618 790 2657 φ.
886 2605 955 2645 25.
984 2597 1190 2646 ἐλάσσων
1215 2601 1380 2647 Theon
1412 2602 1600 2661 (Bqu).
1693 2600 1748 2663 ὁ]

52 2672 76 2702 e
111 2672 224 2703 corr.
303 2695 312 2702 .
