1988 3152
470 13 932 62 ELEMENTORUM
961 13 1144 55 LIBER
1173 12 1251 54 IX.
1607 8 1715 62 369

21 136 121 192 ulli
158 151 505 187 numerorum
545 139 611 202 A,
642 137 706 201 Β,
737 135 791 186 Γ
824 132 1062 202 aequalis
1104 133 1189 185 sit.
1253 129 1603 183 manifestum
1637 133 1720 182 est

21 225 203 294 igitur,
244 226 297 276 E
330 223 565 292 primum
603 240 714 274 non
755 239 886 275 esse.
960 239 1089 273 nam
1131 213 1186 273 si*
1209 224 1260 273 E
1296 220 1503 289 primus
1544 222 1626 271 631
1664 221 1719 271 61

0 307 8 338 7
20 329 305 366 numerum
333 315 387 362 A
419 310 656 378 metitur,
688 309 852 361 etiam
876 325 1162 360 numerum
1187 313 1241 360 A
1265 307 1520 360 metietur
1545 309 1719 377 [prop.

20 400 172 468 XII],
215 399 308 467 qui
347 397 556 468 primus
597 399 698 464 est,
738 414 1067 465 quamquam
1109 397 1158 449 ei
1199 396 1440 466 aequalis
1472 415 1590 449 non
1615 399 1720 464 est3

22 489 164 560 quod
194 489 312 540 fieri
344 505 456 539 non
486 489 682 556 possest.
738 486 922 554 itaque
955 488 1007 536 E
1035 485 1242 553 primus
1276 503 1386 537 non
1420 487 1518 537 est.
1573 502 1717 537 eom-

19 578 232 649 positus
258 578 455 646 igitur.
523 576 767 646 quemuis
811 578 993 628 autem
1033 592 1318 627 numerum
1359 574 1719 642 compositum

2 667 230 739 ‘primus
295 666 488 735 aliquis
549 683 804 717 numerus
869 664 1092 717 metitur
1148 662 1298 731 [VIL
1343 663 1453 729 32].
1538 663 1720 731 iisaque

20 774 305 810 numerum
359 758 412 807 E
461 755 667 823 primus
723 753 918 820 aliquis
966 772 1220 806 numerus
1269 752 1506 804 1116111111.
1584 751 1720 820 dieo,

21 846 228 898 nullum
284 845 453 898 alium
499 847 552 896 E
602 861 886 896 numerum
941 842 1119 894 11161111
1175 844 1393 910 praeter
1447 845 1516 894 A.
1591 858 1720 893 nam

22 934 68 987 si
129 934 268 987 alius
331 951 616 986 numerum
672 935 722 984 Ε
782 931 1025 999 metitur,
1090 934 1144 983 E
1194 933 1375 983 autem
1432 947 1720 982 numerum

24 1025 79 1074 A
124 1023 367 1090 metitur,
411 1022 502 1074 ille
541 1038 752 1090 quoque
791 1037 1076 1072 numerum
1117 1022 1172 1070 A
1212 1019 1475 1071 metietur.
1555 1035 1720 1086 quare

21 1110 188 1164 etiam
240 1129 523 1163 numerum
571 1116 624 1163 A
678 1109 954 1177 metietur,
1008 1109 1101 1177 qui
1150 1109 1355 1176 primus
1408 1111 1492 1160 661
1545 1107 1721 1175 [prop.

0 1199 172 1267 VXHJ,
228 1217 556 1269 quamquam
612 1199 660 1251 ei
716 1197 958 1266 aequalis
1013 1215 1124 1249 non
1179 1195 1340 1267 esb¹);
1406 1195 1549 1264 quod
1602 1194 1718 1247 fieri

19 1307 130 1341 non
175 1292 370 1357 potest.
447 1288 631 1356 itaque
671 1291 724 1338 A
769 1303 1055 1338 numerum
1095 1289 1148 1338 E
1183 1286 1420 1338 1116111111.
1499 1286 1552 1336 61
1591 1302 1719 1352 quo-

20 1378 169 1430 niam
222 1381 275 1430 E
329 1394 612 1429 numerum
669 1378 724 1428 A
777 1374 1020 1443 1116111111,
1083 1373 1375 1426 secundum
1432 1376 1478 1424 Z
1531 1372 1720 1425 metia-

21 1470 124 1518 tur.
187 1466 321 1536 dico,
364 1470 407 1519 Z
445 1467 582 1518 nulli
620 1482 972 1519 numerorum
998 1468 1064 1532 A,
1097 1467 1159 1532 Β,
1192 1465 1245 1516 Γ
1272 1462 1553 1530 aequalem
1587 1478 1718 1514 esse.

21 1573 150 1607 nam
191 1556 237 1608 si
277 1559 322 1608 Z
362 1555 527 1608 alicui
565 1571 914 1606 numerorum
950 1557 1018 1621 A,
1057 1555 1121 1618 Β,
1160 1553 1212 1604 Γ
1246 1549 1487 1620 aequalis
1529 1551 1626 1619 681,
1666 1552 1721 1602 eb

22 1661 308 1696 numerum
349 1647 404 1695 A
450 1642 743 1696 secundum
782 1644 834 1692 E
877 1640 1122 1708 metitur,
1173 1639 1337 1692 etiam
1389 1639 1582 1709 aliquis
1621 1658 1719 1691 nu-

25 1750 296 1786 merorum
335 1737 411 1801 A,
450 1735 520 1800 Β,
560 1733 613 1783 Γ
646 1747 929 1782 numerum
970 1732 1026 1780 A
1066 1727 1357 1782 seeundum
1397 1730 1450 1779 E
1486 1729 1720 1781 metitur.

24 1839 212 1873 uerum
253 1821 432 1890 quiuis
472 1837 820 1872 numerorum
852 1822 920 1887 A,
945 1821 1007 1886 Β,
1033 1819 1085 1869 Γ
1117 1834 1402 1869 numerum
1445 1820 1499 1868 A
1539 1834 1721 1869 seeun-

27 1908 155 1962 dum
195 1910 429 1979 aliquem
466 1925 813 1960 numerorum
847 1910 914 1975 A,
954 1909 1017 1974 Β,
1056 1907 1110 1958 Γ
1141 1905 1361 1958 1116111111·
1403 1906 1582 1973 [prop.⁴
1603 1904 1721 1970 X1].

26 2017 191 2068 quare
221 2002 273 2050 E
309 1997 470 2050 alicui
508 2014 859 2048 numerorum
883 1999 950 2063 A,
975 1997 1038 2063 B,
1063 1996 1116 2046 Γ
1148 1993 1389 2063 aequalis
1432 1996 1536 2062 est3
1578 1992 1721 2062 quod

26 2090 109 2141 est
147 2090 335 2140 eontra
373 2084 741 2155 hypothesim.
819 2101 948 2154 ergo
990 2087 1035 2135 Z
1083 2083 1219 2135 nulli
1266 2100 1613 2135 numerorum
1653 2086 1721 2151 A,

27 2177 98 2244 Β,
138 2177 191 2228 Γ
223 2174 465 2243 aequalis
506 2176 603 2226 631.
681 2174 929 2226 similiter
969 2172 1487 2241 demonstra-bimus,
1534 2189 1722 2224 nume-

26 2281 145 2317 rum
185 2269 238 2316 A
275 2281 559 2316 numerum
592 2265 637 2314 Z
677 2262 872 2330 metiri,
910 2279 1097 2314 rursus
1138 2261 1587 2330 demonstrantes,
1626 2279 1718 2314 nu-

27 2370 232 2406 merum
273 2356 318 2404 Z
365 2352 599 2421 primum
647 2368 758 2403 non
807 2368 935 2404 esse.
1013 2368 1142 2403 nam
1189 2349 1234 2402 si
1281 2349 1488 2418 primus
1536 2353 1621 2402 est
1668 2353 1722 2403 61

27 2458 310 2494 numerum
359 2444 413 2492 A
453 2440 696 2508 metitur,
748 2438 912 2491 etiam
959 2443 1011 2491 A
1059 2438 1311 2491 metietur
1359 2440 1534 2507 [prop.
1574 2438 1720 2507 ΧΙΙ],

30 2529 120 2599 qui
159 2530 365 2599 primus
406 2531 506 2597 est,
546 2546 874 2597 quamquam
915 2526 963 2579 ei
1004 2527 1241 2597 aequalis
1281 2545 1392 2580 non
1431 2531 1536 2596 est3
1579 2527 1720 2597 quod

149 2675 190 2731 1)
224 2673 344 2718 Nam
377 2675 414 2718 si
444 2687 665 2730 npmerus
696 2686 912 2716 numeros
945 2674 1008 2727 E,
1041 2676 1083 2717 A
1115 2671 1312 2718 metiens
1339 2673 1481 2718 alicui
1505 2686 1719 2717 numero-

28 2747 131 2778 rum
161 2737 219 2788 A,
254 2737 312 2790 B,
347 2736 389 2776 Γ
416 2733 626 2789 aequalis
667 2733 810 2787 esset,
852 2732 1085 2777 constareb
1123 2732 1430 2791 propositum.
1494 2733 1618 2777 idem
1660 2732 1717 2774 de

25 2804 70 2848 p.
103 2797 211 2848 370,
244 2796 270 2835 8
304 2792 564 2837 dicendum.

117 2874 360 2916 Eucliden,
389 2875 472 2907 edd.
498 2875 662 2915 Heiberg
686 2878 724 2907 et
747 2875 895 2914 Menge.
940 2874 994 2906 11.
1394 2870 1450 2910 24
