1988 3152
1213 0 1242 21 V

224 111 297 165 64
861 112 1198 156 ΣΤοΙΧΕΙῼΝ
1229 109 1290 159 ε’.

319 229 500 286 ’Ἑστω
546 234 672 302 τρία
718 230 928 302 μεγέθη
974 228 1042 286 τὰ
1080 237 1158 302 A,
1199 237 1272 302 Β,
1311 236 1365 287 Γ
1403 232 1496 287 καὶ
1543 230 1685 287 ἄλλα
1726 230 1916 298 αὐτοῖς

221 327 316 375 ἴσα
351 318 414 374 τὸ
455 322 672 391 πλῆθος
711 321 923 375 σύνδυο
955 319 1352 392 λαμβανόμενα
1385 322 1446 376 ἐν
1476 324 1550 396 τῷ
1584 319 1734 397 αὐτῷ
1766 319 1915 395 λόγῳ

223 407 290 464 τὰ
320 415 393 479 A,
424 414 492 479 Ε,
525 414 588 479 Ζ,
630 411 767 464 ἔστω
808 408 872 464 δὲ
907 409 1282 482 τεταραγμένη
1324 406 1511 465 αὐτῶν
1551 407 1584 481 ἡ
1624 407 1916 480 ἀναλογία,

225 494 301 563 ὥς
339 496 442 567 μὲν
478 497 540 552 τὸ
580 503 634 551 A
670 495 808 569 πρὸς
845 496 907 553 τὸ
948 504 1015 569 Β,
1055 495 1232 563 οὕτως
1268 496 1332 553 τὸ
1373 504 1426 552 Ε
1459 495 1597 569 πρὸς
1634 497 1697 554 τὸ
1739 504 1803 569 Ζ,
1835 494 1918 564 ὡς

166 592 192 633 5
227 584 288 640 δὲ
334 582 396 640 τὸ
437 590 485 640 Β
524 583 664 657 πρὸς
705 584 767 641 τὸ
810 590 873 656 Γ,
921 584 1100 651 οὕτως
1136 584 1198 643 τὸ
1239 593 1295 641 A
1332 584 1469 659 πρὸς
1506 584 1569 642 τὸ
1608 592 1678 641 Ε·
1755 586 1918 657 λέγω,

225 670 310 728 ὅτι
350 671 501 728 ἐστὶν
542 671 618 739 ὥς
654 671 718 730 τὸ
742 681 797 729 Α
833 674 973 748 πρὸς
1009 674 1071 731 τὸ
1098 679 1162 745 Γ,
1202 673 1380 740 οὕτως
1416 674 1480 730 τὸ
1514 681 1571 730 A
1599 673 1739 746 πρὸς
1768 673 1830 730 τὸ
1857 681 1914 731 Ζ.

334 761 614 833 Εἰλήφθω
665 766 779 819 τῶν
826 763 927 835 μὲν
974 771 1052 834 A,
1092 770 1165 834 Β,
1206 771 1262 818 A
1309 762 1489 829 ἰσάκις
1534 763 1917 820 πολλαπλάσια

222 847 289 903 τὰ
326 855 403 920 Η,
443 856 507 921 Θ,
546 855 625 921 Κ,
663 854 778 907 τῶν
817 851 880 907 δὲ
917 856 981 921 Γ,
1022 858 1088 922 Ε,
1129 858 1174 906 Ζ
1214 850 1374 923 ἄλλα,
1414 850 1450 906 ἃ
1490 855 1699 923 ἔτυχεν,
1740 851 1920 919 ἰσάκις

223 938 610 995 πολλαπλάσια
648 938 715 995 τὰ
754 946 824 1011 Λ,
865 946 948 1010 M,
988 946 1059 996 N.

137 1038 192 1079 10
334 1029 447 1083 Καὶ
499 1028 614 1084 ἐπεὶ
662 1027 843 1094 ἰσάκις
888 1028 1004 1084 ἐστὶ
1050 1029 1435 1085 πολλαπλάσια
1482 1028 1548 1085 τὰ
1589 1035 1671 1100 Η,
1711 1035 1758 1085 Θ
1802 1032 1916 1085 τῶν

224 1123 302 1187 Α,
342 1122 414 1187 Β,
465 1115 532 1171 τὰ
581 1116 643 1173 δὲ
689 1119 828 1191 μέρη
874 1128 992 1184 τοῖς
1036 1116 1300 1185 ὡσαύτως
1344 1122 1778 1183 πολλαπλασίοις
1816 1117 1918 1173 τὸν

225 1202 399 1261 αὐτὸν
439 1208 548 1277 ἔχει
587 1205 779 1278 λόγον,
819 1210 970 1263 ἔστιν
1009 1206 1120 1280 ἄρα
1160 1205 1233 1274 ὡς
1271 1206 1334 1264 τὸ
1366 1215 1420 1263 A
1458 1205 1597 1280 πρὸς
1626 1208 1688 1264 τὸ
1721 1213 1786 1277 Β,
1827 1204 1917 1262 οὕ-

223 1316 330 1361 τως
378 1293 440 1351 τὸ
481 1301 547 1350 Η
576 1295 718 1368 πρὸς
753 1294 816 1352 τὸ
857 1303 918 1352 Θ.
988 1296 1083 1352 διὰ
1121 1295 1188 1352 τὰ
1229 1295 1369 1353 αὐτὰ
1412 1295 1482 1368 δή
1521 1296 1613 1352 καὶ
1654 1293 1729 1361 ὡς
1765 1293 1828 1351 τὸ
1869 1300 1921 1350 Ε

222 1382 364 1457 πρὸς
400 1383 462 1440 τὸ
497 1391 560 1454 Ζ,
602 1383 779 1451 οὕτως
814 1383 878 1441 τὸ
912 1391 985 1440 Μ
1014 1383 1153 1457 πρὸς
1190 1384 1252 1442 τὸ
1286 1391 1364 1441 Ν·
1417 1389 1516 1441 καί
1550 1386 1700 1441 ἐστιν
1741 1383 1815 1451 ὡς
1853 1383 1916 1440 τὸ

137 1482 192 1522 15
224 1481 277 1528 Α
314 1471 454 1546 πρὸς
498 1471 560 1528 τὸ
602 1480 675 1544 Β,
724 1472 902 1540 οὕτως
946 1473 1007 1530 τὸ
1050 1481 1103 1530 Ε
1137 1474 1277 1548 πρὸς
1315 1473 1378 1530 τὸ
1420 1480 1486 1529 Ζ·
1563 1475 1654 1530 καὶ
1695 1472 1770 1541 ὡς
1808 1473 1918 1546 ἄρα

223 1561 286 1618 τὸ
326 1569 393 1618 Η
422 1562 563 1634 πρὸς
599 1562 662 1619 τὸ
703 1568 776 1634 Θ,
825 1561 1002 1630 οὕτως
1039 1562 1102 1620 τὸ
1143 1570 1218 1621 Μ
1246 1563 1387 1637 πρὸς
1423 1563 1486 1620 τὸ
1528 1570 1602 1620 Ν.
1668 1563 1761 1619 καὶ
1803 1565 1924 1621 ἐπεί

225 1652 376 1707 ἐστιν
423 1650 497 1719 ὡς
542 1651 605 1708 τὸ
646 1658 694 1707 Β
740 1651 878 1725 πρὸς
922 1652 985 1709 τὸ
1027 1658 1091 1724 Γ,
1139 1651 1318 1719 οὕτως
1362 1652 1424 1709 τὸ
1468 1660 1523 1708 A
1569 1651 1708 1726 πρὸς
1746 1652 1808 1709 τὸ
1851 1660 1916 1724 Ε,

222 1740 316 1795 καὶ
363 1739 596 1808 ἐναλλὰξ
644 1738 719 1808 ὡς
763 1741 825 1797 τὲ
866 1748 914 1797 Β
959 1740 1099 1811 πρὸς
1143 1741 1207 1797 τὸ
1250 1748 1330 1813 Δ,
1378 1739 1555 1808 οὕτως
1592 1740 1653 1798 τὸ
1694 1746 1748 1797 Γ
1779 1741 1918 1813 πρὸς
1983 1737 1988 1759 ¹

223 1827 286 1886 τὸ
327 1835 390 1885 Ε.
459 1830 552 1885 καὶ
591 1831 708 1887 ἐπεὶ
746 1830 813 1886 τὰ
853 1837 924 1902 Θ,
964 1836 1022 1885 Κ
1055 1834 1168 1887 τῶν
1207 1837 1280 1901 Β,
1321 1837 1376 1885 A
1416 1829 1597 1896 ἰσάκις
1636 1831 1748 1887 ἐστὶ
1787 1837 1918 1886 πολ·
1983 1878 1988 1912 3

137 1926 195 1967 20
225 1918 526 1989 λαπλάσια,
573 1917 639 1975 τὰ
687 1919 749 1975 δὲ
797 1921 934 1993 μέρη
973 1930 1090 1985 τοῖς
1129 1919 1310 1985 ἰσάκις
1347 1924 1780 1986 πολλαπλασίοις
1816 1918 1918 1975 τὸν
1984 1991 1988 1996 1

224 2004 400 2063 αὐτὸν
440 2012 548 2080 ἔχει
587 2007 778 2080 λόγον,
818 2013 968 2064 ἔστιν
1007 2007 1116 2081 ἄρα
1156 2006 1230 2075 ὥς
1267 2007 1330 2064 τὸ
1364 2014 1411 2063 Β
1449 2007 1589 2080 πρὸς
1618 2007 1681 2064 τὸ
1716 2014 1789 2078 A,
1830 2005 1920 2063 οὕ·
1984 2027 1988 2029 ·

222 2118 331 2162 τως
368 2095 431 2152 τὸ
473 2103 520 2153 Θ
556 2096 695 2169 πρὸς
732 2096 795 2153 τὸ
834 2103 902 2154 Κ.
972 2095 1092 2153 ἀλλ’
1137 2095 1210 2164 ὡς
1247 2098 1311 2154 τὸ
1352 2104 1399 2153 Β
1438 2096 1577 2170 πρὸς
1614 2096 1676 2153 τὸ
1712 2105 1783 2168 A,
1826 2095 1919 2153 οῧ-
1984 2119 1988 2170 3

223 2207 330 2251 τως
375 2184 437 2242 τὸ
479 2190 534 2240 Γ
570 2185 710 2259 πρὸς
747 2186 810 2243 τὸ
851 2192 920 2242 Ε·
981 2187 1073 2243 καὶ
1113 2184 1188 2252 ὥς
1227 2185 1337 2259 ἄρα
1374 2185 1437 2243 τὸ
1478 2192 1525 2242 Θ
1563 2184 1703 2258 πρὸς
1740 2186 1802 2243 τὸ
1845 2190 1915 2257 Κ,
1981 2220 1988 2239 .-

226 2271 403 2339 οῧτως
447 2273 510 2330 τὸ
550 2279 604 2330 Γ
642 2273 780 2347 πρὸς
822 2274 886 2331 τὸ
927 2282 990 2331 Ε.
1066 2274 1259 2347 πάλιν,
1307 2275 1422 2331 ἐπεὶ
1468 2273 1536 2329 τὰ
1577 2281 1653 2346 Λ,
1694 2281 1767 2330 Μ
1804 2279 1917 2331 τῶν

133 2367 192 2410 '25
225 2366 288 2433 Γ,
328 2370 381 2419 Ε
431 2362 612 2429 ἰσάκις
658 2365 772 2420 ἐστι
817 2363 1228 2435 πολλαπλάσια,
1280 2362 1435 2420 ἔστιν
1481 2363 1591 2437 ἄρα
1638 2361 1714 2430 ὡς
1759 2363 1820 2420 τὸ
1872 2369 1925 2420 Γ
1976 2406 1978 2410 >

224 2451 363 2525 πρὸς
408 2450 470 2509 τὸ
493 2459 584 2525 χΕ,
633 2451 810 2519 οὕτως
853 2451 917 2509 τὸ
958 2459 1011 2509 Λ
1048 2451 1188 2527 πρὸς
1225 2452 1287 2509 τὸ
1329 2458 1407 2508 Μ
1485 2450 1607 2509 ἀλλ’
1655 2450 1730 2520 ὥς
1768 2452 1830 2510 τὸ
1871 2457 1924 2509 Γ
1981 2488 1988 2515 1

345 2652 385 2691 2.
420 2646 570 2704 Supra
603 2642 655 2690 ἐν
686 2646 790 2691 add.
824 2647 910 2691 καί
935 2661 996 2692 m.
1029 2651 1055 2691 2
1089 2645 1137 2690 F.
1260 2651 1302 2691 3.
1334 2643 1708 2703 τετεταραγμένη
1748 2646 1800 2702 Ρ,
1834 2646 1914 2691 sed

226 2718 342 2751 corr.
467 2710 507 2750 7.
542 2706 611 2764 A]
646 2719 670 2750 e
702 2720 819 2752 corr.
850 2721 896 2763 p.
1019 2710 1059 2751 8.
1095 2701 1125 2750 ἃ
1162 2703 1345 2764 ἔτυχεν]
1378 2719 1473 2762 mg.
1507 2721 1567 2749 m.
1601 2710 1627 2750 2
1653 2707 1762 2763 post
1791 2705 1917 2751 lacu·

225 2777 336 2808 nam
368 2770 393 2808 5
426 2764 517 2809 litt.
543 2766 595 2810 F.
719 2770 788 2810 10.
823 2765 897 2823 Η]
918 2767 1032 2823 post
1056 2780 1144 2810 ras.
1173 2770 1195 2809 1
1222 2763 1315 2811 litt.
1340 2765 1390 2810 F.
1515 2769 1583 2808 12.
1610 2766 1698 2809 καί
1717 2760 1840 2809 ἐστιν
1865 2764 1916 2810 F.

289 2828 357 2870 14.
402 2819 576 2883 οὕτως]
619 2825 707 2869 καί
741 2825 799 2878 Β;
841 2838 929 2869 om.
970 2840 1015 2881 p.
1141 2829 1208 2869 15.
1250 2819 1423 2893 οὕτως]
1467 2837 1543 2868 om
1599 2822 1741 2881 BVp.
1804 2822 1916 2868 Post

227 2881 315 2927 hoc
346 2883 542 2927 uerbum
581 2897 678 2940 rep.
710 2883 745 2927 F
778 2883 859 2928 lin.
895 2888 971 2928 13:
1012 2881 1064 2928 τὸ
1097 2886 1148 2927 Η
1170 2909 1223 2917 --
1254 2887 1333 2929 15:
1366 2898 1420 2928 το
1451 2887 1501 2927 B.
1626 2886 1695 2927 16.
1739 2877 1914 2941 οὕτως]
1985 2921 1988 2932 ,
