1988 3152
237 118 344 172 130
865 122 1202 166 ΣΤΟΙΧΕῙΩΝ
1233 119 1295 170 ς’.

230 238 323 293 καὶ
360 236 423 295 τὸ
455 244 629 295 ΑΒΓ
660 238 772 312 ἄρα
802 243 1080 311 τρίγωνον
1112 241 1251 313 πρὸς
1280 240 1343 297 τὸ
1377 239 1556 297 ΑΒΗ
1587 245 1919 299 διπλασίονα

230 326 402 398 λόγον
449 332 558 400 ἔχει
604 327 744 400 ἥπερ
792 325 826 399 ἡ
866 330 1163 400 ΒΓ”πρὸς
1214 329 1318 401 τὴν
1365 336 1482 386 ΕΖ.
1561 337 1687 387 ἴσον
1742 332 1805 388 δὲ
1853 332 1917 389 τὸ

230 422 414 471 ΑΒΗ
460 422 737 490 τρίγωνον
799 421 875 492 τῷ
929 423 1097 472 ΔΕΖ
1147 418 1422 494 τριγώνῳ·
1485 420 1577 474 καὶ
1638 421 1700 476 τὸ
1754 427 1926 477 ΑΒΓ

228 502 338 575 ἄρα
390 508 669 576 τρίγωνον
723 503 862 576 πρὸς
909 504 972 560 τὸ
1030 512 1085 559 Δ
1096 511 1198 560 ΕΖ
1249 510 1528 577 τρίγωνον
1584 511 1917 565 διπλασίονα

168 609 195 650 5
225 590 399 662 λόγον
439 596 549 665 ἔχει
587 592 727 667 ἤπερ
768 592 802 665 ἡ
843 599 952 650 ΒΓ
983 593 1123 667 πρὸς
1160 593 1265 665 τὴν
1304 600 1423 651 ΕΖ.

344 678 422 735 Τὰ
463 679 573 754 ἄρα
613 680 781 753 ὅμοια
811 687 1055 754 τρίγωνα
1087 681 1225 754 πρὸς
1256 681 1468 753 ἄλληλα
1500 684 1560 738 ἐν
1595 686 1915 742 διπλασίονι

223 769 370 841 λόγῳ
411 769 525 824 ἐστὶ
563 773 677 826 τῶν
718 769 1011 842 ὁμολόγων
1049 773 1306 842 πλευρῶν
1348 770 1506 843 [ὅπερ
1547 775 1659 828 ἔδει
1700 775 1914 844 δεῖξαι]

909 932 1235 1006 Πόρισμα.

329 1019 420 1076 Ἐκ
467 1019 537 1094 δὴ
591 1021 795 1078 τούτου
849 1021 1128 1095 φανερόν,
1184 1022 1295 1090 ὅτι,
1342 1020 1443 1078 ἐὰν
1494 1033 1655 1094 τρεῖς
1694 1021 1911 1080 εὐθεῖαι

133 1125 188 1165 10
219 1105 504 1181 ἀνάλογον
551 1105 717 1183 ὦσιν,
765 1116 915 1167 ἔστιν
966 1109 1041 1177 ὥς
1085 1108 1121 1182 ἡ
1160 1110 1349 1182 πρώτη
1390 1109 1529 1184 πρὸς
1566 1110 1669 1182 τὴν
1701 1117 1911 1184 τρίτην,

220 1199 397 1268 οὕτως
449 1201 512 1258 τὸ
563 1200 672 1257 ἀπὸ
727 1203 824 1273 τῆς
876 1200 1097 1273 πρώτης
1153 1197 1303 1266 εἶδος
1355 1201 1494 1273 πρὸς
1546 1199 1608 1256 τὸ
1659 1198 1767 1257 ἀπὸ
1815 1204 1912 1272 τῆς

217 1291 480 1361 δευτέρας
495 1289 557 1346 τὸ
584 1290 783 1361 ὅμοιον
807 1290 899 1345 καὶ
925 1287 1132 1360 ὁμοίως
1156 1288 1629 1361 ἀναγραφόμενον
1666 1290 1907 1362 [ἐπείπερ

217 1379 463 1451 ἐδείχθη,
503 1377 579 1444 ὡς
616 1377 651 1450 ἡ
683 1383 785 1433 ΓΒ
818 1377 956 1450 πρὸς
989 1383 1120 1447 ΒΗ,
1154 1378 1330 1443 οὕτως
1353 1376 1416 1434 τὸ
1442 1382 1615 1433 ΑΒΓ
1631 1381 1908 1449 τρίγωνον

214 1467 354 1540 πρὸς
400 1466 462 1524 τὸ
509 1473 690 1523 ΑΒΗ
733 1472 1041 1539 τρίγωνον,
1092 1468 1341 1523 τουτέστι
1387 1465 1449 1522 τὸ
1491 1469 1699 1537 ΔΕΖ].
1772 1465 1906 1539 ὅπερ

127 1577 180 1617 15
214 1559 328 1612 ἔδει
368 1559 558 1623 δεῖξαι.

1023 1658 1094 1713 κ’.

331 1747 417 1803 Τὰ
466 1749 664 1820 ὅμοια
710 1747 1064 1820 πολύγωνα
1112 1755 1204 1813 εἷς
1250 1769 1314 1804 τε
1367 1748 1571 1819 ὅμοια
1617 1753 1903 1820 τρίγωνα

212 1840 572 1910 διαιρεῖται
612 1838 721 1893 καὶ
761 1841 854 1903 εἰς
894 1843 1002 1892 ἴσα
1040 1835 1111 1893 τὸ
1152 1839 1408 1908 πλῆθος
1452 1837 1562 1891 καὶ
1611 1835 1902 1909 ὁμόλογα

208 1937 346 1992 τοῖς
401 1927 607 1997 ὅλοις,
662 1927 771 1982 καὶ
817 1925 888 1982 τὸ
935 1924 1330 1997 πολύγωνον
1377 1925 1539 1998 πρὸς
1584 1924 1654 1981 τὸ
1702 1926 1900 1982 πολύ-

118 2030 175 2072 20
207 2037 423 2085 γωνον
464 2019 866 2071 διπλασίονα
905 2013 1109 2085 λόγον
1146 2018 1276 2086 ἔχει
1310 2013 1470 2087 ἤπερ
1503 2011 1536 2085 ἡ
1574 2011 1900 2086 ὁμόλογος

205 2104 452 2176 πλευρὰ
492 2102 659 2176 πρὸς
696 2103 814 2175 τὴν
856 2101 1192 2175 ὁμόλογον
1233 2101 1542 2177 πλευράν.

300 2189 483 2248 ’Ἑστω
540 2193 706 2263 ὅμοια
759 2192 1061 2264 πολύγωνα
1122 2194 1190 2248 τὰ
1246 2198 1551 2263 ΑΒΓΔΕ,
1585 2197 1896 2264 ΖΗΘΚΛ,

205 2278 478 2351 ὁμόλογος
502 2279 564 2335 δὲ
588 2284 725 2336 ἔστω
751 2279 785 2353 ἡ
811 2288 919 2337 ΑΒ
944 2285 1009 2353 τῇ
1035 2286 1168 2338 ΖΗ·
1201 2282 1362 2352 λέγω,
1396 2281 1479 2337 ὅτι
1503 2280 1570 2335 τὰ
1596 2286 1895 2352 ΑΒΓΔΕ,
1980 2356 1983 2357 ⁷

320 2427 406 2471 XX
438 2427 598 2473 coroll.
632 2429 855 2475 Eutocius
886 2430 937 2476 in
967 2429 1172 2475 Archim.
1205 2429 1270 2473 III
1302 2443 1347 2486 p.
1380 2433 1452 2486 52,
1485 2431 1554 2472 28.

323 2550 362 2590 1.
395 2542 426 2590 ἄ
431 2546 510 2604 ρα]
552 2561 642 2591 om.
682 2548 734 2593 P.
874 2548 1110 2606 ΑΒΗ]Β
1144 2562 1230 2605 sup
1231 2560 1285 2591 ra
1314 2562 1375 2591 m.
1408 2551 1434 2590 2
1467 2545 1516 2590 in
1546 2560 1636 2592 ras.
1669 2546 1724 2592 V.
1849 2552 1887 2592 7.

202 2601 326 2650 ἐστίν
357 2603 454 2650 BF.
577 2611 616 2651 9.
652 2603 759 2665 ἐαν]
794 2603 837 2652 ἐ-
869 2608 919 2653 in
949 2621 1037 2653 ras,
1071 2622 1132 2652 m.
1166 2613 1192 2652 2
1199 2563 1271 2652 p.V
1399 2611 1466 2650 10.
1502 2603 1647 2664 ἔστιν]
1675 2620 1764 2651 om.
1790 2605 1885 2664 Bp.

262 2670 330 2708 11.
364 2661 511 2723 εἶδος]
543 2664 601 2734 P,
641 2669 870 2723 τρίγωνον
913 2667 1074 2712 Theon
1114 2665 1347 2723 (BFVp),
1387 2678 1538 2721 comp.
1580 2679 1720 2722 supra
1757 2665 1794 2709 P
1826 2680 1886 2710 m.

199 2737 291 2769 rec.
416 2728 486 2768 13.
518 2722 603 2781 τὴν
636 2728 735 2769 ΒΗ
762 2726 816 2770 V.
942 2732 1010 2771 14.
1044 2722 1126 2784 τό]
1161 2740 1253 2771 om.
1277 2724 1334 2770 V.
1366 2723 1605 2769 τουτέστιν
1630 2725 1680 2770 Ρ.
1803 2722 1887 2795 τό]

197 2796 347 2888 ἳἜῖῗ
366 2787 496 2887 ¹33²..ss
520 2783 574 2899 ἶ,
697 2783 1295 2903 1250.6⁷7⁸ffg⁰<3;1]a⁷3.⁷⁷m⁶m2g
1324 2846 1405 2887 AB
1419 2789 1500 2887 &A
1511 2779 1886 2901 33⁰3]B1322‘E⁰2·

194 2900 247 2959 P,
280 2902 373 2949 sed.
410 2916 522 2947 corr.
