1988 3152
192 1026 245 1065 10

190 1459 244 1498 15

188 1900 245 1940 20

187 2341 243 2381 25

281 88 351 140 28
917 91 1252 133 ΣΤΟΙΧΕῙΩΝ
1284 105 1305 134 ε
1316 85 1343 135 ’.

280 205 609 277 τριπλάσιόν
666 208 841 275 ἐστιν,
890 206 1285 280 συναμφότερα
1333 207 1396 262 δὲ
1442 206 1507 262 τὰ
1547 213 1638 276 Μ,
1678 214 1734 262 A
1770 211 1873 263 τοῦ
1913 216 1968 262 A

281 295 395 348 ἐστι
447 294 843 365 τετραπλάσια,
899 297 1014 350 ἔστι
1067 295 1131 351 δὲ
1177 298 1270 351 καὶ
1323 296 1386 351 τὸ
1435 302 1501 351 Ν
1539 299 1640 351 τοῦ
1680 303 1735 350 A
1780 317 1965 367 τετρα-

278 380 540 436 πλάσιον
581 383 977 455 συναμφότερα
1016 383 1126 456 ἄρα
1163 383 1230 438 τὰ
1265 391 1347 454 Μ,
1374 392 1429 439 A
1459 389 1534 459 τῷ
1568 390 1633 439 Ν
1665 391 1758 439 ἴσα
1799 387 1964 440 ἐστίν.

279 467 419 523 ἀλλὰ
475 468 538 524 τὸ
600 476 704 525 ΖΘ
757 474 870 526 τῶν
917 477 1006 540 Μ,
1032 479 1088 526 A
1142 472 1330 543 μεῖζόν
1379 475 1551 528 ἐστιν·
1605 471 1666 527 τὸ
1711 478 1811 527 ΖΘ
1858 474 1965 544 ἄρα

279 560 381 611 τοῦ
419 563 478 611 Ν
514 555 789 630 ὑπερέχει·
827 558 889 614 τὸ
926 559 988 615 δὲ
1033 565 1091 614 K
1126 563 1228 616 τοῦ
1275 566 1340 615 Ν
1380 559 1483 631 οὐχ
1530 558 1796 633 ὑπερέχει.
1872 566 1971 616 καί

278 646 392 699 ἐστι
430 645 498 701 τὰ
537 646 639 717 μὲν
687 652 807 717 ΖΘ,
831 653 889 702 Κ
932 651 1046 703 τῶν
1091 655 1218 719 ΑΒ,
1244 654 1297 705 Γ
1337 648 1515 714 ἰσάκις
1566 649 1969 719 πολλαπλάσια,

278 731 338 787 τὸ
389 732 451 788 δὲ
497 740 563 789 Ν
600 738 702 790 τοῦ
754 743 809 790 A
855 735 1019 806 ἄλλο,
1067 733 1098 792 ὃ
1147 740 1362 808 ἔτυχεν,
1418 737 1857 793 πολλαπλάσιον·
1904 737 1966 793 τὸ

277 827 387 876 ΑΒ
435 820 546 893 ἄρα
591 822 732 893 πρὸς
776 821 837 878 τὸ
887 831 942 877 A
989 828 1212 894 μείζονα
1262 825 1434 895 λόγον
1483 830 1592 896 ἔχει
1638 825 1772 897 ἥπερ
1819 825 1881 881 τὸ
1923 831 1977 881 Γ

278 908 419 980 πρὸς
457 908 519 965 τὸ
560 917 630 966 A.

388 1000 550 1069 Λέγω
592 999 682 1070 δή,
724 998 809 1055 ὅτι
847 1001 940 1055 καὶ
979 1000 1042 1056 τὸ
1085 1008 1140 1055 A
1178 1000 1316 1073 πρὸς
1355 1001 1415 1057 τὸ
1450 1007 1502 1056 Γ
1533 1007 1755 1073 μείζονα
1795 1002 1967 1073 λόγον

280 1091 393 1158 ἔχει
431 1086 570 1160 ἤπερ
609 1086 674 1143 τὸ
716 1095 771 1142 A
809 1087 950 1159 πρὸς
986 1087 1049 1144 τὸ
1091 1097 1143 1144 A
1156 1095 1218 1145 B.

397 1179 522 1231 Τῶν
576 1175 683 1247 γὰρ
736 1175 924 1233 αὐτῶν
980 1179 1546 1234 κατασκευασθέντων
1601 1177 1806 1250 ὁμοίως
1856 1183 1965 1235 δεί-

279 1266 468 1335 ξομεν,
514 1262 599 1320 ὅτι
645 1264 707 1320 τὸ
752 1265 856 1336 μὲν
894 1271 959 1320 Ν
990 1269 1092 1321 τοῦ
1131 1272 1189 1321 Κ
1223 1264 1501 1338 ὑπερέχει,
1550 1266 1613 1323 τὸ
1661 1268 1724 1324 δὲ
1771 1274 1835 1323 Ν
1867 1272 1966 1324 τοῦ

280 1358 382 1407 ΖΘ
430 1351 532 1424 οὐχ
580 1351 847 1425 ὑπερέχει.
923 1358 1021 1408 καί
1064 1355 1179 1409 ἐστι
1218 1354 1279 1410 τὸ
1321 1355 1422 1426 μὲν
1455 1362 1519 1411 Ν
1543 1359 1646 1412 τοῦ
1678 1363 1734 1412 A
1763 1364 1964 1412 πολλα-

275 1440 541 1511 πλάσιον,
580 1440 648 1496 τὰ
702 1441 764 1496 δὲ
805 1447 923 1513 ΖΘ,
949 1448 1007 1497 K
1041 1445 1155 1501 τῶν
1202 1449 1330 1513 ΑΒ,
1355 1448 1408 1499 Γ
1441 1442 1607 1514 ἄλλα,
1663 1442 1698 1499 ἃ
1753 1449 1962 1517 ἔτυχεν,

278 1528 458 1595 ἰσάκις
509 1529 916 1585 πολλαπλάσια·
972 1530 1032 1586 τὸ
1088 1539 1143 1587 A
1190 1531 1299 1602 ἄρα
1345 1531 1484 1604 πρὸς
1529 1531 1591 1587 τὸ
1642 1538 1694 1588 Γ
1740 1539 1963 1605 μείζονα

277 1617 450 1689 λόγον
491 1623 601 1691 ἔχει
639 1617 779 1691 ἥπερ
820 1617 882 1674 τὸ
927 1627 981 1674 A
1018 1619 1159 1691 πρὸς
1196 1619 1258 1676 τὸ
1301 1627 1426 1677 ΑΒ.

384 1705 546 1762 Ἀλλὰ
602 1706 672 1778 δὴ
730 1706 792 1763 τὸ
850 1714 964 1763 ΑΕ
1009 1712 1111 1764 τοῦ
1159 1715 1263 1763 ΕΒ
1319 1714 1506 1780 μεῖζον
1548 1713 1702 1765 ἔστω.
1774 1710 1837 1767 τὸ
1894 1710 1964 1782 δὴ

277 1799 505 1850 ἔλαττον
550 1794 612 1850 τὸ
656 1801 761 1850 ΕΒ
810 1797 1431 1868 πολλαπλασιαζόμενον
1486 1802 1638 1853 ἔσται
1684 1798 1816 1854 ποτὲ
1863 1803 1964 1854 τοῦ

279 1890 334 1938 A
396 1889 596 1955 μεῖζον.
694 1885 1299 1955 πεπολλαπλασιάσθω,
1368 1885 1462 1939 καὶ
1533 1890 1671 1941 ἔστω
1733 1885 1795 1942 τὸ
1851 1894 1966 1943 ΗΘ

276 1974 693 2028 πολλαπλάσιον
749 1972 850 2044 μὲν
901 1977 1004 2028 τοῦ
1060 1979 1193 2042 ΕΒ,
1245 1978 1430 2045 μεῖζον
1486 1974 1548 2029 δὲ
1600 1978 1702 2030 τοῦ
1749 1983 1824 2029 A·
1871 1977 1965 2030 καὶ

278 2058 622 2117 ὁσαπλάσιόν
685 2063 799 2117 ἐστι
851 2060 914 2116 τὸ
969 2067 1083 2117 ΗΘ
1136 2065 1237 2117 τοῦ
1292 2069 1421 2133 ΕΒ,
1483 2064 1965 2121 τοσαυταπλάσιον

276 2150 548 2219 γεγονέτω
596 2151 688 2205 καὶ
735 2149 796 2206 τὸ
846 2150 948 2221 μὲν
998 2156 1117 2205 ΖΗ
1154 2154 1256 2205 τοῦ
1295 2156 1430 2221 ΛΕ,
1469 2151 1531 2206 τὸ
1573 2151 1634 2207 δὲ
1673 2158 1731 2207 Κ
1764 2156 1866 2208 τοῦ
1903 2159 1964 2209 Γ.

276 2234 480 2307 ὁμοίως
519 2236 589 2308 δή
629 2240 907 2309 δείξομεν,
949 2238 1034 2294 ὅτι
1071 2238 1139 2294 τὰ
1182 2245 1306 2308 ΖΘ,
1332 2245 1389 2294 Κ
1410 2248 1523 2295 τῶν
1546 2246 1674 2308 ΑΒ,
1699 2246 1752 2296 Γ
1786 2241 1966 2307 ἰσάκις

277 2326 394 2381 ἐστὶ
429 2325 841 2381 πολλαπλάσια·
910 2327 998 2381 καὶ
1043 2326 1299 2398 εἰλήφθω
1340 2325 1548 2399 ὁμοίως
1584 2326 1646 2383 τὸ
1679 2334 1743 2383 Ν
1767 2336 1963 2385 πολλα-

274 2413 514 2470 πλάσιον
569 2413 671 2485 μὲν
725 2417 827 2471 τοῦ
883 2423 962 2486 Δ,
1017 2414 1248 2486 πρώτως
1312 2415 1374 2472 δὲ
1428 2421 1615 2487 μεῖζον
1669 2421 1770 2473 τοῦ
1826 2425 1964 2474 ΖΗ·

396 2568 435 2606 1.
470 2558 612 2620 ἐστιν]
645 2562 705 2617 Β,
739 2576 889 2619 comp.
928 2577 979 2619 p;
1022 2577 1111 2608 om.
1144 2562 1201 2617 F3
1243 2560 1342 2608 ἔστι
1378 2564 1479 2608 PV.
1625 2563 1702 2623 δέ]
1735 2578 1824 2609 om.
1862 2566 1962 2622 Fp;

275 2636 333 2664 m.
361 2635 452 2666 rec.
476 2621 528 2666 B.
681 2624 753 2678 M,
780 2621 844 2679 A]
871 2627 927 2678 A,
951 2624 1011 2665 Μ
1029 2622 1077 2667 P.
1218 2628 1258 2667 2.
1291 2620 1344 2666 τό
1401 2636 1516 2668 corr.
1550 2636 1606 2667 ex
1637 2625 1720 2668 τοῦ
1752 2639 1814 2668 m.
1849 2630 1871 2668 1
1904 2623 1961 2671 V.

336 2685 377 2724 3.
413 2676 537 2724 ἐστιν
571 2682 648 2725 ἴσα
680 2681 783 2725 FV.
934 2686 975 2725 4.
1009 2681 1122 2739 τῶν]
1155 2682 1218 2739 τῷ
1251 2684 1297 2724 Κ
1371 2715 1382 2726 .
1532 2685 1609 2736 M,
1633 2683 1697 2741 A]
1738 2688 1803 2739 A,
1827 2687 1887 2727 M
1909 2682 1959 2728 P.

276 2734 371 2783 ἐστι
404 2739 503 2783 BV.
627 2740 734 2797 ΖΘ]
760 2742 846 2783 ΖΕ
871 2756 919 2796 φ.
1046 2746 1085 2784 7.
1120 2738 1252 2797 ἔτυχε
1280 2757 1315 2796 φ
1343 2742 1454 2797 (non
1476 2740 1528 2798 F)
1552 2740 1647 2798 Vp.
1770 2746 1809 2786 8.
1843 2738 1937 2796 ἄρα

273 2813 334 2841 m.
367 2802 393 2841 2
426 2797 473 2843 F.
599 2803 666 2844 12.
701 2795 759 2855 δὴ
785 2799 1003 2856 δείξομεν
1027 2799 1078 2845 Ρ.
1203 2805 1270 2844 13.
1305 2799 1412 2858 μέν]
1437 2815 1497 2843 m.
1525 2805 1551 2844 2
1575 2800 1625 2844 F.
1749 2806 1818 2846 14.
1852 2797 1938 2857 οὐχ

277 2870 391 2901 corr.
418 2870 474 2901 ex
506 2853 592 2901 οὐκ
622 2873 682 2903 m.
717 2863 743 2903 2
767 2858 817 2903 P.
944 2863 1009 2902 15.
1036 2855 1115 2917 τά]
1141 2855 1194 2903 τό
1219 2859 1308 2916 Fp.
1435 2860 1536 2916 ΖΘ,
1560 2858 1623 2917 K]
1648 2859 1741 2904 litt.
1769 2861 1822 2917 Θ,
1848 2863 1894 2904 K
1913 2859 1962 2903 in
