1988 3152
249 137 358 192 330
879 134 1214 178 ΣΤοΙΧΕῙΩΝ
1242 129 1310 190 η’.

249 258 506 313 ἐπίπεδοί
547 257 704 310 εἰσιν.
784 256 1032 308 ἔστωσαν
1081 244 1185 308 οὖν
1223 254 1325 306 τοῦ
1378 250 1481 322 μὲν
1519 255 1573 305 Ε
1605 249 1838 322 πλευραὶ
1879 251 1936 303 οἷ

250 350 315 415 Θ,
348 351 420 414 Κ,
453 345 556 398 τοῦ
592 341 654 397 δὲ
684 346 750 396 Η
783 342 840 396 οί
875 346 945 406 Λ,
978 345 1054 396 Μ
1124 338 1376 411 φανερὸν
1414 338 1523 411 ἄρα
1562 338 1711 395 ἐστὶν
1744 339 1804 392 ἐκ
1832 340 1933 392 τοῦ

248 430 356 506 πρὸ
406 431 636 501 τούτου,
686 427 773 485 ὅτι
819 430 877 484 οἱ
917 434 983 499 Ε,
1017 434 1080 497 Ζ,
1111 433 1177 482 Η
1208 427 1331 498 ἑξῆς
1369 429 1511 482 εἰσιν
1551 424 1831 496 ἀνάλογον
1872 429 1932 480 ἕν

553 567 606 607 A:
879 576 883 604 ι
1274 562 1458 603 Ει--ι

554 654 1236 694 B1————————1
1323 662 1330 692 1
1511 650 1561 691 {Z

557 742 1018 783 1⁷1——-—1
1271 739 1329 780 Ηι
1600 750 1605 779 1

556 833 613 872 Δι
1103 841 1108 869 ι
1271 827 1401 869 (Ox—1

606 931 611 960 ι
881 917 952 959 {N
1265 917 1435 958 Κι--ι

609 1019 1019 1048 1————-!
1032 1005 1076 1050 Ξ
1259 1007 1312 1047 Λι
1492 1015 1497 1043 ι

1241 1094 1309 1135 Μι
1534 1105 1540 1134 ι

248 1216 307 1250 τε
353 1198 430 1271 τῷ
476 1199 577 1251 τοῦ
624 1201 672 1250 Θ
717 1194 857 1265 πρὸς
894 1194 995 1251 τὸν
1036 1201 1087 1249 A
1125 1195 1274 1270 λόγῳ
1314 1195 1405 1250 καὶ
1443 1198 1521 1270 τῷ
1558 1196 1660 1249 τοῦ
1700 1197 1757 1247 Κ
1800 1189 1938 1263 πρὸς

193 1304 220 1344 5
250 1283 353 1340 τὸν
394 1291 472 1341 Μ
548 1284 640 1339 καὶ
681 1284 796 1339 ἐπεὶ
837 1286 896 1339 οἱ
931 1290 998 1354 Ε,
1032 1290 1095 1353 Ζ,
1127 1290 1193 1338 Η
1225 1282 1502 1355 ἐλάχιστοί
1537 1285 1643 1337 εἰσι
1688 1283 1800 1336 τῶν
1839 1277 1937 1334 τὸν

251 1370 428 1429 αὐτὸν
474 1372 648 1444 λόγον
696 1372 939 1445 ἐχόντων
983 1383 1101 1438 τοῖς
1139 1379 1218 1442 Α,
1253 1376 1322 1442 Γ,
1357 1378 1435 1443 Δ,
1483 1374 1580 1425 καί
1622 1371 1772 1425 ἐστιν
1814 1375 1938 1423 ἴσον

250 1460 313 1516 τὸ
355 1465 575 1532 πλῆθος
613 1464 727 1517 τῶν
768 1468 835 1532 Ε,
869 1467 932 1532 Ζ,
964 1466 1030 1516 Η
1052 1464 1127 1537 τῷ
1161 1459 1364 1531 πλήθει
1394 1463 1507 1514 τῶν
1547 1465 1616 1529 Α,
1648 1461 1712 1527 Γ,
1746 1463 1819 1527 Δ,
1860 1453 1935 1511 δι’

255 1555 384 1604 ἴσου
423 1550 534 1621 ἄρα
574 1549 724 1604 ἐστὶν
765 1546 838 1614 ὥς
879 1546 908 1603 6
949 1555 1003 1604 Ε
1029 1548 1169 1621 πρὸς
1198 1546 1300 1603 τὸν
1331 1553 1406 1618 Η,
1448 1544 1624 1611 οὕτως
1657 1542 1686 1601 6
1719 1551 1773 1599 A
1804 1543 1941 1617 πρὸς

253 1635 355 1692 τὸν
395 1643 464 1692 Δ.
544 1639 603 1692 οἰ
639 1636 700 1692 δὲ
740 1642 812 1705 Ε,
845 1641 910 1691 Η
940 1639 1175 1709 πρῶτοι,
1224 1637 1284 1692 οἱ
1318 1635 1378 1691 δὲ
1417 1637 1626 1707 πρῶτοι
1676 1633 1769 1689 καὶ
1818 1632 1940 1688 ἐλά-

172 1745 226 1785 10
257 1741 461 1797 χιστοι,
503 1725 561 1780 οἱ
598 1723 660 1780 δὲ
700 1723 976 1796 ἐλάχιστοι
1016 1727 1279 1796 μετροῦσι
1317 1722 1449 1789 τοὺς
1486 1721 1585 1778 τὸν
1625 1719 1802 1778 αὐτὸν
1850 1719 1941 1775 λό-

253 1835 359 1885 γον
399 1817 627 1886 ἔχοντας
677 1809 868 1877 αὐτοῖς
915 1812 1096 1878 ἰσάκις
1150 1810 1182 1868 ὅ
1228 1833 1287 1868 τε
1327 1817 1525 1883 μείζων
1564 1810 1665 1867 τὸν
1718 1814 1941 1882 μείζονα

252 1902 346 1958 καὶ
395 1900 424 1958 6
475 1900 726 1958 ἐλάσσων
772 1899 872 1957 τὸν
920 1900 1224 1971 ἐλάσσονα,
1271 1900 1558 1956 τουτέστιν
1597 1897 1629 1955 6'
1667 1921 1725 1954 τε
1772 1895 1941 1969 ἡγού-

255 2012 422 2062 μενος
466 1988 567 2045 τὸν
613 1987 934 2061 ἡγούμενον
977 1990 1070 2044 καὶ
1118 1986 1147 2044 6
1189 1987 1458 2059 ἑπόμενος
1504 1988 1603 2043 τὸν
1645 1985 1942 2057 ἑπόμενον·

258 2078 438 2143 ἰσάκις
476 2077 586 2150 ἄρα
627 2078 656 2134 6
698 2084 751 2133 Ε
784 2077 885 2134 τὸν
924 2085 978 2132 Α
1018 2087 1205 2150 μετρεῖ
1242 2077 1334 2131 καὶ
1375 2076 1405 2131 6
1445 2081 1512 2131 Η
1540 2074 1638 2131 τὸν
1680 2081 1748 2130 A.
1811 2071 1936 2128 ὁσά-

169 2187 224 2227 15
256 2189 342 2232 κις
382 2165 450 2237 δὴ
495 2164 524 2222 ὁ
564 2171 617 2220 Ε
651 2165 752 2222 τὸν
791 2171 845 2220 Α
885 2176 1085 2238 μετρεῖ,
1124 2167 1390 2220 τοσαῦται
1425 2162 1663 2235 μονάδες
1695 2166 1942 2218 ἔστωσαν

256 2257 318 2312 ἐν
356 2258 432 2331 τῷ
481 2260 554 2311 Ν.
631 2253 661 2309 6
712 2260 770 2308 Ν
816 2252 924 2325 ἄρα
973 2252 1074 2308 τὸν
1121 2258 1173 2307 Ε
1217 2250 1705 2317 πολλαπλασιάσας
1750 2248 1851 2306 τὸν
1890 2256 1943 2304 Α

259 2347 574 2414 πεποίηκεν.
652 2365 681 2398 ο
726 2342 788 2397 δὲ
829 2347 881 2396 Ε
917 2342 1066 2396 ἐστιν
1108 2339 1137 2396 6
1181 2344 1239 2397 ἐκ
1277 2343 1390 2395 τῶν
1428 2346 1497 2410 Θ,
1529 2345 1604 2395 Κ·
1654 2337 1684 2394 6
1733 2344 1797 2394 Ν
1836 2337 1944 2408 ἄρα

257 2430 357 2487 τὸν
405 2433 465 2486 ἐκ
516 2434 631 2486 τῶν
677 2436 747 2496 Θ,
780 2436 837 2485 Κ
874 2428 1364 2493 πολλαπλασιάσας
1401 2426 1502 2483 τὸν
1541 2434 1596 2482 Α
1632 2430 1942 2497 πεποίηκεν.

258 2518 478 2590 στερεὸς
524 2517 635 2591 ἄρα
682 2518 834 2574 ἐστὶν
881 2518 910 2573 6
951 2525 1030 2589 A,
1079 2517 1314 2590 πλευραὶ
1363 2515 1425 2572 δὲ
1474 2514 1649 2570 αὐτοῦ
1697 2518 1840 2570 εἰσιν
1890 2516 1948 2570 οἱ

169 2627 227 2668 20
259 2614 324 2677 Θ,
357 2614 429 2679 Κ,
461 2613 533 2663 Ν.
610 2606 797 2678 πάλιν,
840 2607 954 2662 ἐπεὶ
995 2609 1052 2662 οἱ
1089 2613 1154 2677 Ε,
1190 2612 1253 2676 Ζ,
1286 2611 1352 2660 Η
1383 2603 1667 2675 ἐλάχιστοί
1693 2605 1800 2658 εἰσι
1831 2605 1944 2658 τῶν

257 2695 357 2752 τὸν
399 2693 573 2751 αὐτὸν
621 2695 793 2766 λόγον
842 2694 1086 2766 ἐχόντων
1124 2704 1242 2759 τοῖς
1281 2697 1351 2763 Γ,
1385 2698 1464 2761 Δ,
1497 2697 1569 2760 Β,
1619 2689 1798 2756 ἰσάκις
1835 2691 1944 2761 ἄρα

255 2782 289 2840 6
332 2791 385 2840 E
418 2782 520 2840 τὸν
561 2788 614 2838 Γ
656 2794 843 2856 μετρεῖ
892 2783 984 2837 καὶ
1033 2782 1062 2838 6
1105 2788 1169 2837 H
1201 2780 1301 2837 τὸν
1341 2787 1403 2835 B.
1482 2777 1674 2844 ὁσάκις
1713 2778 1782 2851 δὴ
1825 2777 1854 2834 6
1896 2785 1948 2834 Ε

377 2908 416 2947 2.
451 2902 534 2946 τοῦ
566 2897 682 2958 πρό]
717 2915 807 2946 om.
840 2901 989 2957 Bqu.
1143 2905 1184 2946 3.
1217 2894 1455 2955 ἀνάλογόν
1496 2895 1614 2942 εἰσιν
1645 2897 1747 2953 Vq).
1900 2900 1943 2940 4.
