1988 3152
124 1001 179 1040 10

123 1503 178 1543 15

124 1946 182 1986 20

120 2388 180 2428 25

214 73 322 125 114
844 74 1181 117 ΣΤΟΙΧΕΙΩΝ
1211 72 1279 117 ς’.

211 198 346 262 ΒΕ,
394 191 573 257 οὕτως
618 191 680 246 τὸ
730 197 838 246 AB
886 190 1468 265 παραλληλόγραμμον
1519 191 1658 265 πρὸς
1696 190 1759 246 τὸ
1801 198 1911 247 ΖΕ

211 279 819 354 παραλληλόγραμμον,
862 276 937 345 ὥς
977 279 1039 335 δὲ
1078 278 1112 352 ἡ
1152 286 1269 336 ΗΒ
1308 278 1448 350 πρὸς
1484 278 1590 351 τὴν
1628 285 1759 350 ΒΖ,
1811 280 1904 336 οὔ·

210 389 317 434 τως
366 367 429 423 τὸ
477 373 588 423 ΒΓ
625 368 1209 441 παραλληλόγραμμον
1255 369 1395 442 πρὸς
1441 368 1504 425 τὸ
1547 375 1656 424 ΖΕ
1700 375 1905 440 παραλ-

210 455 636 528 ληλόγραμμον,
683 457 776 512 καὶ
825 455 898 522 ὡς
949 455 1058 529 ἄρα
1095 456 1159 512 τὸ
1203 464 1309 513 ΑΒ
1348 457 1488 531 πρὸς
1526 456 1589 513 τὸ
1633 463 1763 527 ΖΕ,
1811 455 1907 513 οὕ-

211 565 316 610 τως
354 543 415 600 τὸ
457 551 568 601 ΒΓ
598 546 738 619 πρὸς
775 544 838 601 τὸ
881 551 1006 601 ΖΕ·
1049 552 1174 601 ἴσον
1215 544 1323 618 ἄρα
1364 547 1478 602 ἐστὶ
1518 544 1579 601 τὸ
1621 551 1729 600 ΑΒ
1770 565 1907 618 παρ-

211 632 680 706 αλληλόγραμμον
718 637 795 710 τῷ
836 639 947 689 ΒΓ
976 633 1552 709 παραλληλογράμμῳ.

329 724 455 778 Τῶν
496 721 605 793 ἄρα
645 728 783 778 ἴσων
823 743 880 778 τε
918 721 1011 776 καὶ
1053 725 1367 793 ἰσογωνίων
1407 721 1903 794 παραλληλογράμ-

211 832 331 880 μων
386 809 869 867 ἄντιπεπόνθασιν
931 812 993 865 αἱ
1044 811 1278 883 πλευραὶ
1334 813 1395 865 αἱ
1447 811 1571 883 περὶ
1626 808 1722 875 τὰς
1778 818 1901 876 ἴσας

211 902 438 969 γωνίας·
489 899 582 954 καὶ
631 893 711 955 ὧν
760 903 1075 970 ἰσογωνίων
1114 897 1712 971 παραλληλογράμμων
1753 897 1903 953 ἀντι-

211 986 566 1043 πεπόνθασιν
606 990 668 1043 αί
701 987 936 1059 πλευραὶ
977 989 1040 1041 αἱ
1074 988 1199 1059 περὶ
1239 986 1336 1052 τὰς
1378 995 1499 1053 ἴσας
1537 990 1770 1058 γωνίας,
1812 994 1906 1042 ἴσα

213 1075 363 1131 ἐστὶν
404 1077 614 1131 ἐκεῖνα·
671 1074 807 1149 ὅπερ
849 1079 961 1131 ἔδει
1002 1077 1193 1142 δεῖξαι.

1017 1245 1102 1278 ιε.

330 1315 687 1368 Τῶν·ἴσων
737 1311 844 1366 καὶ
897 1315 1056 1384 μίαν
1098 1315 1210 1384 μιᾷ
1253 1319 1405 1381 ἴσην
1446 1309 1737 1381 ἐχόντων
1788 1334 1909 1382 γω-

210 1404 366 1455 νίαν
432 1399 779 1474 τριγώνων
850 1398 1433 1455 ἀντιπεπόνθασιν
1505 1401 1574 1453 αἱ
1630 1401 1908 1472 πλευραὶ

211 1490 281 1543 αἰ
338 1489 487 1560 περὶ
548 1488 661 1556 τὰς
717 1497 860 1554 ἴσας
920 1493 1186 1560 γωνίας·
1271 1489 1379 1544 καὶ
1434 1479 1522 1544 ὧν
1579 1493 1737 1559 μίαν
1793 1492 1907 1562 μιᾷ

212 1583 368 1647 ἴσην
439 1576 733 1649 ἐχόντων
795 1582 1046 1648 γωνίαν
1108 1575 1451 1648 τριγώνων
1514 1573 1909 1632 ἀντιπεπόν-

210 1673 415 1721 θασιν
481 1668 553 1721 αἱ
610 1667 890 1738 πλευραὶ
954 1668 1024 1721 αἰ
1074 1665 1222 1739 περὶ
1275 1686 1386 1731 τας
1442 1672 1587 1731 ἴσας
1641 1670 1908 1736 γωνίας,
1983 1739 1986 1742 ἢ

212 1760 321 1809 ἴσα
362 1755 545 1811 ἐστὶν
586 1757 820 1811 ἐκεῖνα.
1127 1749 1131 1753 ’

309 1832 490 1899 ’Ἐστω
533 1850 626 1898 ἴσα
664 1847 910 1915 τρίγωνα
949 1841 1014 1896 τὰ
1050 1847 1231 1912 ΑΒΓ,
1256 1848 1437 1898 ΑΔΕ
1465 1846 1600 1913 μίαν
1639 1845 1737 1915 μιᾷ
1779 1850 1908 1913 ἴσην

215 1935 413 2002 ἔχοντα
459 1937 673 2003 γωνίαν
720 1929 823 2002 τὴν
871 1928 980 1987 ὑπὸ
1024 1936 1197 1986 ΒΑΓ
1226 1934 1291 2003 τῇ
1340 1927 1450 1986 ὑπὸ
1491 1937 1688 1986 ΔΑΕ·
1745 1931 1906 2001 λέγω,

213 2021 296 2075 ὅτι
343 2023 458 2076 τῶν
506 2025 688 2089 ΑΒΓ,
721 2026 901 2075 ΑΔΕ
952 2018 1244 2092 τριγώνων
1309 2015 1791 2074 ἀντιπεπόνθασιν
1849 2021 1911 2074 αἰ
1981 2037 1986 2043 ’

210 2110 445 2181 πλευραὶ
478 2112 540 2164 αἱ
568 2109 693 2181 περὶ
731 2107 829 2174 τὰς
868 2115 992 2173 ἴσας
1030 2113 1254 2178 γωνίας,
1295 2108 1600 2177 τουτέστιν,
1634 2106 1719 2163 ὅτι
1753 2107 1907 2186 ἐστὶν

213 2196 287 2263 ὡς
334 2196 368 2269 ἡ
410 2203 509 2253 ΓΑ
540 2196 678 2269 πρὸς
709 2195 811 2267 τὴν
845 2203 988 2267 ΑΛ,
1030 2197 1206 2263 οὕτως
1245 2194 1278 2268 ἡ
1325 2202 1436 2251 ΕΑ
1466 2195 1606 2268 πρὸς
1638 2194 1742 2267 τὴν
1779 2202 1906 2252 ΑΒ.

323 2291 554 2342 Κείσθω
605 2285 714 2359 γὰρ
763 2283 900 2341 ὥστε
949 2282 1032 2340 ἐπ’
1085 2283 1310 2350 εὐθείας
1357 2281 1501 2339 εἶναι
1552 2282 1654 2355 τὴν
1694 2288 1802 2339 ΓΑ
1840 2287 1906 2357 τῇ

212 2383 264 2430 A
279 2382 353 2430 A·
407 2373 490 2430 ἐπ’
551 2373 776 2440 εὐθείας
822 2373 933 2447 ἄρα
991 2374 1105 2430 ἐστὶ
1155 2373 1248 2428 καὶ
1286 2369 1321 2443 ἡ
1362 2377 1471 2427 EA
1508 2374 1575 2444 τῇ
1617 2379 1741 2428 ΑΒ.
1812 2373 1905 2428 καὶ
1981 2367 1988 2447 ’7

214 2462 524 2536 ἐπεζεύχθω
566 2461 599 2534 ἡ
642 2470 770 2520 ΒΛ.

335 2618 373 2657 1.
397 2608 523 2666 πρὸς
554 2608 606 2654 τό
642 2636 696 2643 -—
731 2616 778 2655 2:
814 2607 876 2662 ὦς
907 2610 990 2668 δέ]
1024 2610 1182 2655 insert.
1215 2609 1263 2653 in
1295 2623 1385 2654 ras.
1419 2608 1468 2653 F.
1595 2615 1636 2654 2.
1669 2613 1903 2665 παραλλη-

211 2668 503 2728 λόγραμμον]
530 2683 620 2714 om.
646 2669 702 2713 V.
825 2675 865 2714 3.
900 2671 985 2714 ZE
1009 2665 1514 2741 παραλληλόγραμμον)
1542 2669 1598 2723 Ρ;
1632 2671 1717 2713 ΖΕ
1742 2668 1904 2713 Theon

214 2730 440 2787 (BFVp).
566 2733 608 2773 5.
642 2725 767 2773 ἐστίν
799 2729 850 2784 Ρ,
885 2743 1033 2787 comp.
1068 2744 1113 2786 p.
1238 2732 1276 2772 7.
1312 2729 1424 2772 ἴσων
1467 2743 1564 2784 αρα
1594 2743 1639 2785 p.
1703 2727 1776 2786 τε]
1811 2741 1903 2772 om.

210 2788 306 2845 Bp.
431 2786 711 2860 ἰσογωνίων]
743 2787 941 2845 PBFp;
980 2788 1029 2832 in
1062 2789 1098 2832 P
1131 2801 1270 2845 supra
1301 2801 1385 2831 scr.
1418 2801 1478 2831 m.
1514 2800 1605 2831 rec.
1671 2788 1774 2842 ἴσην
1814 2802 1902 2842 ym-

211 2848 321 2891 νίαν
356 2849 470 2906 μίαν
504 2849 587 2908 μιᾷ
622 2843 846 2904 ἔχοντωνς
880 2849 992 2905 μίαν
1026 2847 1111 2908 μιᾷ
1145 2848 1250 2903 ἴσην
1284 2842 1488 2903 ἑχόντων
1522 2846 1700 2903 γωνίαν
1732 2845 1786 2901 V,
1820 2845 1904 2890 sed
