1988 3152
566 118 584 174 ζ
626 119 1084 162 ELEMENTORUM
1112 119 1294 160 LIBER
1323 119 1399 161 vr.
1764 115 1866 168 167

284 240 395 292 iam
423 237 680 308 quoniam
703 239 1057 304 BH=F÷
1079 239 1222 305 KM,
1247 254 1473 306 quorum
1491 240 1704 289 HH=
1724 241 1869 306 KM,

173 328 278 380 erit
310 328 477 381 etiam
513 329 622 379 ΤΧ
629 329 680 378 Φ
705 351 774 368 =
799 327 859 379 Γ.
929 328 982 377 et
1015 325 1269 394 quoniam
1303 329 1409 377 ΟΡ
1429 351 1498 369 =
1524 324 1636 386 ,ΞΣ
1666 324 1730 395 [I‚
1753 325 1866 394 43],

173 433 456 468 commune
512 414 795 468 adiiciatur
849 417 977 466 ΠΒ.
1069 414 1251 482 itaque
1309 416 1411 466 ΟΒ
1455 438 1524 457 --·
1565 412 1682 474 ΞΒ.
1776 413 1868 466 sed.

171 503 274 564 ΞΒ
309 529 376 547 =
419 507 542 573 TE,
597 503 854 572 quoniam
908 505 1023 554 AE
1057 526 1125 544 =
1159 505 1264 554 ΕΒ
1322 504 1503 571 [prop.
1541 501 1615 568 I].
1701 518 1866 571 quare

175 592 339 644 etiam
394 595 501 645 TE
522 618 592 635 =
620 595 738 645 OB.
816 609 1098 644 commune
1150 591 1435 643 adiiciatur
1481 579 1604 652 ΞΣ.
1680 591 1865 660 itaque

179 683 373 732 ΤΣ--
397 685 514 734 ΦΧ
522 686 578 736 Y.
648 679 743 732 sed
774 679 1206 732 demonstratum
1238 682 1335 749 est,
1377 696 1493 732 esse
1533 682 1649 732 ΦΧ
1654 683 1786 730 Y=
1809 680 1868 731 Γ.

171 787 336 837 quare
377 771 544 823 etiam
590 773 700 822 ΤΣ
720 795 789 812 =
814 771 875 822 Γ.

279 858 429 929 Ergo
487 859 644 912 datae
697 859 876 911 rectae
924 861 1036 910 AB
1084 857 1239 909 datae
1294 856 1499 926 figurae
1550 855 1864 908 rectilineae

170 950 225 999 Γ
256 949 477 1016 aequale
516 948 1090 1017 parallelogrammum
1138 945 1467 1014 adplicatum
1508 947 1590 997 est
1630 947 1749 996 ΣΤ
1781 944 1866 996 de-

170 1036 358 1089 ficiens
412 1037 589 1107 figura
635 1036 1148 1106 parallelogramma
1195 1038 1258 1086 Π
1261 1037 1329 1103 Β,
1385 1052 1520 1103 quae
1560 1033 1766 1102 figurae
1807 1037 1864 1085 A

169 1125 364 1178 similis
407 1123 570 1197 est¹);
612 1125 754 1194 quod
795 1124 1084 1193 oportebat
1122 1123 1253 1176 fieri.

914 1284 1111 1338 XXIX.

278 1391 454 1444 Datae
517 1394 695 1443 rectae
758 1391 915 1443 datae
983 1390 1190 1459 figurae
1252 1387 1564 1441 rectilineae
1637 1386 1862 1456 aequale

167 1479 738 1550 parallelogrammum
771 1478 1044 1549 adplicare
1079 1477 1337 1531 excedens
1369 1477 1547 1546 figura
1577 1475 1865 1544 parallelo-

169 1585 417 1638 gramma
456 1569 621 1622 simili
661 1569 834 1622 datae.

279 1656 361 1711 Sit
411 1658 539 1711 data
584 1660 731 1711 recta
768 1660 899 1726 AB,
949 1656 1076 1709 data
1125 1658 1307 1708 autem
1353 1654 1531 1724 figura
1568 1653 1864 1722 rectilinea,

171 1747 259 1800 cui
305 1747 588 1817 aequalem
642 1747 875 1817 figuram
924 1747 1103 1798 rectae
1147 1747 1251 1796 AB
1308 1743 1578 1813 adplicare
1632 1745 1865 1812 oportet,

169 1836 242 1889 sit
271 1838 334 1904 Γ,
367 1854 430 1889 ea
463 1838 660 1905 autem,
692 1836 779 1888 cui
811 1834 1044 1888 similem
1082 1832 1315 1902 figuram
1348 1831 1601 1885 excedere
1635 1834 1867 1901 oportet,

166 1924 239 1977 sit
286 1929 355 1978 A.
442 1926 657 1994 oportet
703 1924 873 1994 igitur
917 1926 1096 1976 rectae
1135 1925 1244 1974 AB
1292 1921 1501 1991 figurae
1549 1920 1864 1974 rectilineae

166 2015 220 2066 Γ
237 2014 458 2083 aequale
489 2014 1068 2083 parallelogrammum
1094 2011 1367 2080 adplicare
1398 2009 1656 2064 excedens
1688 2008 1864 2078 figura

169 2103 684 2172 parallelogramma
723 2102 888 2155 simili
927 2102 1134 2171 figurae
1178 2105 1246 2152 A.

287 2289 330 2343 1)
362 2285 486 2330 Nam
509 2287 601 2329 ΠΒ
626 2305 684 2324 ω
711 2288 802 2330 ΗΒ
830 2287 978 2342 (prop.
998 2283 1072 2338 24)
1091 2301 1149 2320 Ν
1168 2287 1222 2326 A.
1271 2281 1415 2326 uerba
1441 2277 1774 2336 ἐπειδήπερ-
1796 2275 1868 2325 ἐσ-

165 2363 254 2401 τιν,
284 2346 367 2390 ubi
401 2345 499 2389 sine
532 2358 674 2389 causa
705 2345 763 2389 de
799 2347 903 2388 ΗΠ
931 2340 1110 2387 mentio
1144 2340 1365 2395 inficitur,
1401 2340 1561 2398 spuria
1595 2341 1714 2385 sunt.
1774 2340 1868 2383 alia

170 2419 245 2450 res
276 2407 349 2450 est
378 2421 423 2462 p.
462 2409 567 2461 170,
601 2410 641 2449 7.

166 2567 254 2598 ras.
286 2556 407 2600 m.'2
439 2552 495 2598 V.
588 2556 628 2596 8.
667 2552 787 2610 ΤΣ]
826 2554 909 2595 ΤΒ
938 2565 1051 2595 corr.
1080 2563 1134 2593 ex
1164 2550 1257 2592 ΤΓ
1284 2563 1344 2593 m.
1372 2554 1394 2592 1
1424 2563 1468 2605 p.
1565 2553 1605 2592 9.
1632 2543 1749 2592 ἀλλά
1774 2548 1867 2604 Bp.

228 2616 297 2656 10.
334 2613 450 2671 ΤΣ]
483 2614 580 2656 ΑΠ
607 2609 658 2654 Ρ.
799 2616 867 2655 11.
902 2606 1014 2667 ἄρα]
1050 2623 1138 2653 om.
1172 2607 1223 2651 F.
1368 2613 1436 2653 13.
1471 2606 1622 2664 Supra
1653 2609 1750 2650 ΣΤ
1777 2620 1867 2651 ras

172 2672 243 2716 est
272 2671 322 2715 in
352 2670 408 2715 V.
536 2676 602 2715 14.
637 2670 728 2730 τῷ]
763 2670 907 2727 (tert.)
938 2669 1104 2726 postca
1135 2666 1293 2712 insert.
1327 2683 1388 2711 m.
1425 2673 1445 2711 1
1473 2666 1523 2709 F.
1650 2671 1717 2711 16.
1751 2662 1837 2709 καθ’
1849 2665 1866 2722 ]

168 2726 242 2786 λγ’
275 2746 306 2787 p
340 2732 388 2774 eb
417 2731 475 2787 F,
510 2745 624 2775 corr.
649 2745 709 2774 m.
736 2743 826 2774 rec.
947 2733 1015 2774 18.
1049 2724 1554 2797 παραλληλόγραμμον]
1581 2727 1867 2780 παραλληλο-

169 2789 358 2833 sustulit
380 2788 719 2834 resarcinatio
705 2804 755 2832 m
778 2788 828 2832 F.
916 2792 986 2832 22.
1014 2786 1118 2844 δεῖ]
1146 2783 1204 2842 δή
1231 2786 1324 2842 Fp.
1411 2790 1482 2829 23.
1509 2781 1793 2855 ὑπερβαλεῖν
1819 2783 1866 2825 F.

168 2849 246 2892 δεῖ
274 2844 362 2905 δή]
389 2847 579 2893 sustulit
602 2849 687 2893 lac.
715 2846 987 2905 pergameni
1012 2846 1061 2890 F.
1186 2850 1256 2889 24.
1282 2841 1410 2902 παρά
1440 2870 1492 2877 -
1520 2839 1863 2900 εὐθυγράμμῳ]

168 2921 261 2964 mg.
286 2922 346 2951 m.
376 2912 398 2950 1
424 2907 475 2952 F.
599 2908 721 2965 ἴσον]
755 2907 804 2950 in
835 2920 923 2950 ras.
958 2906 1006 2949 F.
