1988 3152
116 1038 172 1078 10

117 1483 172 1524 15

113 1929 173 1970 20

113 2374 172 2415 85

207 97 317 150 274
839 99 1179 143 molxmsm
1206 95 1275 156 η’.

206 220 360 273 ἔστιν
415 215 527 288 ἄρα
584 214 660 282 ὡς
714 214 744 272 6
793 224 848 271 A
892 216 1035 289 πρὸς
1078 216 1181 274 τὸν
1226 223 1298 289 Β,
1351 215 1532 284 οὕτως
1578 215 1608 273 6
1660 224 1716 273 A
1767 217 1908 289 πρὸς

204 304 307 362 τὸν
351 311 416 361 Ε.
501 303 626 361 ἀλλ’
686 302 762 372 ὥς
815 303 846 362 6
893 314 947 361 A
992 305 1135 378 πρὸς
1177 306 1281 362 τὸν
1326 312 1400 378 Β,
1446 304 1477 363 6
1525 312 1580 363 Γ
1619 306 1759 379 πρὸς
1803 306 1907 363 τὸν

206 401 289 451 Δ·
334 394 426 450 καὶ
474 391 551 459 ὦς
595 392 707 466 ἄρα
746 391 776 451 6
818 398 872 450 Γ
910 393 1052 466 πρὸς
1088 394 1191 451 τὸν
1232 402 1312 466 A,
1356 393 1387 452 6
1429 402 1485 451 A
1521 395 1663 467 πρὸς
1700 395 1803 451 τὸν
1842 402 1905 452 Ε.

203 483 295 539 καὶ
335 482 451 539 ἐπεὶ
492 480 529 538 ὁ
564 490 619 538 A
655 481 791 549 τοὺς
828 487 899 553 Γ,
942 490 998 538 A
1034 485 1524 551 πολλαπλασιάσας
1568 483 1705 550 τοὺς
1746 490 1817 553 Ζ,
1847 489 1914 539 H

202 575 527 643 πεποίηκεν,
568 575 723 627 ἔστιν
768 570 879 643 ἄρα
927 570 1003 637 ὥς
1050 569 1080 627 6
1129 576 1183 627 Γ
1223 571 1365 644 πρὸς
1411 572 1513 629 τὸν
1554 580 1636 643 A,
1677 571 1904 643 [οὕτως]

204 658 235 717 6
283 665 330 715 Z
374 659 516 733 πρὸς
558 658 663 716 τὸν
710 665 783 715 Η.
861 657 938 726 ὥς
984 660 1048 716 δὲ
1095 658 1125 716 6
1175 666 1228 716 Γ
1268 660 1409 732 πρὸς
1453 661 1555 717 τὸν
1595 667 1677 731 A,
1725 661 1904 726 οὕτως

201 742 276 821 ἦν
322 746 353 805 6
393 756 448 805 A
485 747 627 819 πρὸς
663 747 767 805 τὸν
804 754 875 804 Β·
921 748 1017 804 καὶ
1065 746 1142 813 ὥς
1187 745 1299 820 ἄρα
1347 747 1378 806 6
1419 757 1473 805 A
1518 748 1658 821 πρὸς
1695 748 1797 806 τὸν
1837 756 1904 817 Β,

203 835 234 894 6
284 843 329 893 Z
374 835 515 909 πρὸς
551 837 654 892 τὸν
691 842 765 893 Η.
840 836 1040 907 πάλιν,
1088 837 1204 893 ἐπεὶ
1245 835 1276 893 6
1316 845 1371 894 A
1406 839 1540 904 τοὺς
1580 847 1653 909 A,
1686 844 1739 894 E
1772 844 1905 894 πολ-

201 924 587 991 λαπλασιάσας
631 925 766 992 τοὺς
802 931 886 996 Η,
917 933 966 982 Θ
1014 931 1345 998 πεποίηκεν,
1393 931 1546 983 ἔστιν
1592 926 1704 999 ἄρα
1751 924 1827 993 ὥς
1874 923 1905 982 6

204 1022 260 1072 A
312 1014 455 1086 πρὸς
505 1015 607 1071 τὸν
653 1020 729 1085 Ε,
784 1013 816 1071 6
863 1020 930 1071 Η
968 1014 1111 1087 πρὸς
1162 1014 1266 1072 τὸν
1311 1021 1374 1072 Θ.
1451 1014 1575 1072 ἀλλ’
1638 1014 1711 1083 ὡς
1766 1013 1795 1071 ὁ
1851 1022 1906 1071 A

202 1103 344 1179 πρὸς
394 1103 499 1161 τὸν
545 1110 621 1174 Ε,
669 1101 700 1160 6
749 1112 804 1160 A
847 1103 991 1174 πρὸς
1038 1103 1141 1161 τὸν
1187 1110 1251 1161 Β.
1326 1106 1419 1162 καὶ
1476 1103 1552 1171 ὥς
1605 1104 1716 1177 ἄρα
1771 1103 1801 1161 6
1853 1113 1907 1160 A

200 1193 343 1265 πρὸς
385 1192 488 1251 τὸν
534 1200 614 1264 Β,
662 1191 843 1260 οὕτως
889 1190 920 1250 6
966 1198 1034 1249 H
1072 1193 1214 1266 πρὸς
1257 1194 1359 1251 τὸν
1404 1200 1467 1251 Θ.
1542 1194 1635 1250 καὶ
1686 1194 1804 1250 ἐπεὶ
1850 1195 1912 1250 οἱ

202 1291 274 1353 A,
307 1288 352 1339 B
390 1280 492 1339 τὸν
531 1288 586 1338 Ε
618 1282 1207 1349 πολλαπλασιάσαντες
1242 1282 1376 1350 τοὺς
1414 1289 1482 1352 Θ,
1515 1288 1572 1339 K
1609 1281 1905 1354 πεποιήκα·
1968 1332 1976 1341 .

202 1388 321 1442 σιν,
378 1375 530 1428 ἔστιν
583 1369 695 1443 ἄρα
748 1369 825 1438 ὥς
878 1369 909 1427 6
961 1379 1015 1427 A
1068 1370 1209 1444 πρὸς
1260 1372 1363 1428 τὸν
1417 1378 1493 1442 Β,
1549 1370 1731 1437 οὕτως
1780 1369 1810 1427 6
1859 1376 1908 1427 Θ

203 1459 344 1533 πρὸς
395 1459 497 1516 τὸν
548 1463 619 1515 Κ.
696 1457 821 1515 ἀλλ’
880 1457 957 1526 ὥς
1005 1457 1036 1515 6
1086 1467 1140 1515 A
1184 1459 1324 1532 πρὸς
1368 1460 1470 1517 τὸν
1518 1466 1592 1530 Β,
1647 1458 1828 1524 οὕτως
1874 1457 1906 1515 ὅ

201 1570 260 1605 τε
301 1554 347 1604 Ζ
383 1547 526 1620 πρὸς
562 1547 666 1605 τὸν
704 1554 770 1605 Η
800 1549 894 1604 καὶ
934 1546 966 1605 6
996 1553 1062 1604 H
1092 1548 1232 1622 πρὸς
1269 1548 1374 1605 τὸν
1413 1555 1474 1607 Θ.
1544 1551 1636 1605 καὶ
1681 1546 1757 1615 ὥς
1795 1547 1907 1618 ἄρα

203 1635 236 1694 6
281 1643 328 1693 Z
373 1636 515 1708 πρὸς
557 1636 659 1694 τὸν
706 1642 789 1704 Η,
838 1637 1016 1703 οὕτως
1065 1635 1098 1694 ὅ
1151 1659 1210 1693 τε
1263 1643 1324 1694 H
1375 1637 1516 1710 πρὸς
1568 1637 1669 1694 τὸν
1716 1643 1765 1694 Θ
1812 1637 1906 1692 καὶ

204 1724 235 1783 6
281 1731 331 1782 Θ
374 1724 516 1796 πρὸς
559 1724 660 1782 τὸν
714 1730 789 1781 Κ·
845 1728 905 1781 οἱ
955 1731 1027 1795 Γ,
1070 1732 1153 1796 A,
1194 1732 1248 1782 Ε
1296 1725 1408 1798 ἄρα
1461 1727 1554 1782 καὶ
1610 1729 1669 1783 οἰ
1721 1731 1791 1795 Ζ,
1830 1730 1907 1794 Η,

201 1821 276 1887 Θ,
308 1819 364 1870 K
399 1813 687 1885 ἀνάλογόν
728 1819 873 1871 εἰσιν
912 1815 975 1870 ἐν
1016 1818 1092 1889 τῷ
1131 1818 1236 1871 τοῦ
1272 1822 1329 1870 A
1358 1815 1499 1886 πρὸς
1528 1815 1630 1873 τὸν
1663 1822 1710 1871 Β
1742 1814 1907 1890 λόγῳ.

204 1905 347 1975 λέγω
387 1903 486 1976 δή,
537 1904 623 1961 ὅτι
670 1904 763 1960 καὶ
810 1902 1107 1976 ἐλάχιστοι.
1185 1904 1300 1960 ἐπεὶ
1339 1903 1448 1977 γὰρ
1489 1907 1548 1961 οἷ
1587 1912 1665 1974 A,
1699 1910 1744 1959 Β
1786 1902 1906 1959 ἐλά·

203 1997 406 2066 χιστοὺ
437 1996 545 2049 εἰσι
597 1995 710 2049 τῶν
763 1991 868 2048 τὸν
923 1990 1101 2049 αὐτὸν
1164 1991 1339 2064 λόγον
1393 1992 1641 2066 ἑχόντων
1696 1990 1906 2062 αὐτοῖς,

204 2085 262 2139 οἰ
305 2082 369 2139 δὲ
415 2082 696 2155 ἐλάχιστοι
735 2085 851 2139 τῶν
888 2081 994 2138 τὸν
1033 2080 1211 2139 αὖτὲν
1249 2081 1424 2154 λόγον
1462 2081 1711 2155 ἐχόντων
1757 2083 1904 2151 πρῶ-

202 2193 291 2228 τοι
334 2171 475 2243 πρὸς
520 2168 800 2243 ἀλλήλους
846 2174 1021 2241 εἰσίν,
1072 2173 1133 2227 οἱ
1167 2178 1247 2241 A,
1278 2176 1326 2227 Β
1365 2169 1477 2245 ἄρα
1515 2174 1727 2241 πρῶτοι
1765 2167 1906 2243 πρὸς

202 2259 479 2332 ἀλλήλους
525 2264 686 2317 εἰσίν.
761 2261 856 2316 καὶ
895 2259 1156 2332 ἑκάτερος
1202 2258 1307 2331 μὲν
1344 2263 1462 2317 τῶν
1501 2267 1581 2330 A,
1612 2265 1660 2315 B
1700 2257 1904 2315 ἑαυτὸν

202 2349 694 2416 πολλαπλασιάσας
739 2349 1006 2420 ἑκάτερον
1052 2353 1169 2406 τῶν
1215 2354 1288 2421 Γ,
1319 2355 1374 2405 Ε
1406 2354 1733 2420 πεποίηκεν,
1781 2345 1904 2404 ἑκά-

203 2462 369 2513 τερον
424 2439 486 2495 δὲ
539 2442 655 2496 τῶν
708 2443 779 2510 Γ,
819 2445 873 2495 Ε
923 2437 1417 2504 πολλαπλασιάσας
1470 2437 1735 2509 ἑκάτερον
1790 2440 1905 2492 τῶν

206 2536 278 2600 Ζ,
317 2534 374 2585 K
417 2533 740 2600 πεποίηκεν·
791 2530 852 2585 οἰ
892 2532 967 2598 Γ,
1015 2534 1070 2584 Ε
1111 2525 1224 2599 ἄρα
1268 2527 1362 2583 καὶ
1402 2529 1461 2584 οἱ
1497 2532 1569 2597 Z,
1600 2531 1659 2582 K
1693 2529 1906 2597 πρῶτοι

204 2616 345 2690 πρὸς
390 2614 672 2687 ἀλλήλους
717 2621 878 2673 εἰσίν.
955 2615 1056 2673 ἐὰν
1102 2615 1166 2673 δὲ
1213 2608 1356 2673 ὦσιν
1393 2612 1705 2672 ὁποσοιοῦν
1744 2613 1904 2686 ἀριθ-
1986 2636 1988 2689 ᾗ

207 2706 303 2779 μοὶ
344 2706 469 2776 ἑξῆς
506 2702 821 2777 ἀνάλογον,
871 2709 930 2761 οἱ
976 2705 1039 2762 δὲ
1084 2704 1249 2777 ἄκροι
1287 2701 1476 2760 αὐτῶν
1514 2708 1726 2776 πρῶτοι
1764 2702 1905 2774 πρὸς

323 2844 367 2885 2.
400 2835 430 2883 ὅ
453 2842 499 2883 Γ
554 2833 705 2890 οὕτως
735 2836 761 2883 ὁ
796 2843 841 2884 Γ
866 2839 971 2896 Ῡφ.
1063 2845 1105 2885 3.
1139 2838 1220 2883 καὶ
1251 2835 1315 2890 ὥς
1335 2833 1431 2893 ἄρα
1456 2834 1482 2881 ὁ
1509 2840 1554 2881 Γ
1579 2833 1697 2892 πρὸς
1726 2832 1810 2880 τὸν
1833 2836 1902 2892 A]

205 2914 301 2958 mg.
330 2914 395 2945 m.
427 2903 454 2943 2
558 2897 724 2944 addito
755 2898 804 2942 in
835 2898 926 2943 fine
961 2892 1125 2950 οὕτως.
1248 2893 1274 2941 ὁ
1308 2897 1378 2956 Δ]
1411 2896 1493 2940 καὶ
1524 2893 1550 2941 ὁ
1584 2900 1627 2940 A
1657 2895 1722 2952 V,
1754 2889 1904 2944 οὕτως
