1988 3152
235 175 344 230 312
865 175 1201 219 mommsen
1230 170 1296 230 η’.

233 294 337 366 γόν
378 299 546 364 εἰσιν,
586 294 679 348 καὶ
718 304 906 364 μετρεῖ
940 292 969 348 6
1017 299 1070 346 A
1115 290 1215 348 τὸν
1261 298 1334 361 Β,
1381 302 1564 363 μετρεῖ
1610 291 1718 364 ἄρα
1755 293 1846 347 καὶ
1889 290 1920 348 6

234 390 286 438 A
330 382 431 439 τὸν
479 390 542 438 Ε.
617 386 716 437 καί
757 383 906 436 ἐστιν
946 380 1022 445 ὥς
1061 377 1090 435 6
1132 388 1185 435 A
1223 379 1362 449 πρὸς
1406 379 1504 435 τὸν
1550 385 1625 451 Ε,
1674 381 1850 446 οὕτως
1889 378 1920 435 6

234 477 287 526 Γ
316 470 456 543 πρὸς
493 469 593 526 τὸν
634 477 709 525 A·
750 481 938 541 μετρεῖ
973 467 1082 541 ἄρα
1120 469 1212 523 καὶ
1254 467 1283 524 6
1324 473 1376 523 Γ
1407 467 1507 524 τὸν
1547 476 1615 525 Δ.

344 558 531 614 Πάλιν
579 557 649 629 δὴ
699 555 728 614 6
771 563 823 613 Γ
860 556 959 613 τὸν
999 564 1056 612 A
1094 561 1377 630 μετρείτω·
1424 558 1591 628 λέγω,
1631 555 1718 612 ὅτι
1755 557 1849 612 καὶ
1889 579 1919 612 ο

176 663 200 703 5
231 655 285 703 A
321 647 423 704 τὸν
462 654 509 702 Β
550 658 749 720 μετρεῖ.

350 742 400 791 Τ
395 739 475 792 ὧν
515 735 634 808 γὰρ’
662 733 851 791 αὐτῶν
887 734 1456 789 κατασκευασθέντων
1505 730 1710 803 ὁμοίως
1750 735 1923 799 δείξο-

233 846 360 895 μεν,
409 823 495 880 ὅτι
535 826 594 879 οἰ
629 831 703 894 A,
734 830 808 893 E,
840 829 887 878 Β
928 823 1050 893 ἑξῆς
1089 819 1374 892 ἀνάλογόν
1415 825 1557 876 εἰσιν
1598 823 1658 876 ἐν
1696 824 1771 895 τῷ
1819 823 1923 877 τοῦ

233 918 286 969 Γ
327 911 466 983 πρὸς
511 911 612 968 τὸν
662 919 717 967 A
763 911 925 987 λόγῳ.
1002 912 1095 966 καὶ
1142 913 1266 966 ἐπεί
1306 912 1457 965 ἐστιν
1496 908 1571 975 ὡς
1617 907 1646 964 6
1694 913 1748 964 Γ
1785 908 1926 981 πρὸς

231 1001 333 1058 τὸν
375 1008 454 1071 Δ,
509 999 685 1066 οὕτως
733 999 762 1056 6
803 1007 856 1055 A
894 998 1032 1071 πρὸς
1069 1001 1169 1056 τὸν
1208 1006 1282 1069 Ε,
1329 1009 1517 1070 μετρεῖ
1560 998 1622 1054 δὲ
1662 996 1692 1054 6
1732 1003 1784 1053 Γ
1822 996 1923 1053 τὸν

151 1106 203 1145 10
239 1098 317 1162 A,
366 1101 555 1162 μετρεῖ
597 1088 704 1162 ἄρα
750 1089 843 1144 καὶ
895 1088 923 1144 6
966 1096 1019 1143 A
1056 1087 1158 1144 τὸν
1196 1094 1260 1146 Ε.
1335 1092 1434 1142 καί
1467 1090 1610 1142 εἰσιν
1652 1089 1710 1142 οἰ
1746 1094 1816 1156 Α,
1856 1093 1925 1155 Ε,

234 1187 281 1235 Β
322 1180 446 1250 ἑξῆς
485 1178 793 1249 ἀνάλογον·
832 1188 1022 1249 μετρεῖ
1055 1175 1164 1248 ἄρα
1203 1175 1296 1230 καὶ
1337 1173 1366 1231 6
1407 1183 1461 1230 A
1497 1175 1598 1231 τὸν
1637 1181 1699 1230 Β.

339 1267 470 1323 Ἐὰν
525 1265 635 1337 ἄρα
684 1265 1033 1339 τετράγωνος
1085 1262 1437 1335 τετράγωνον
1493 1266 1687 1336 μετρῇ,
1741 1263 1835 1318 καὶ
1886 1260 1923 1333 ἡ

233 1354 443 1427 πλευρὰ
483 1354 586 1427 τὴν
625 1356 872 1427 πλευρὰν
912 1352 1191 1426 μετρήσει·
1231 1353 1323 1406 καὶ
1364 1351 1463 1407 ἐὰν
1503 1352 1536 1423 ἡ
1578 1351 1789 1425 πλευρὰ
1821 1350 1925 1423 τὴν

232 1445 482 1518 πλευρὰν
541 1446 736 1516 μετρῇ,
789 1442 881 1497 καὶ
934 1439 964 1498 6
1023 1442 1370 1514 τετράγωνος
1418 1439 1518 1497 τόν
1571 1440 1926 1514 τετράγωνον

151 1546 202 1587 15
242 1533 522 1607 μετρήσει·
562 1532 696 1604 ὅπερ
738 1534 851 1587 ἔδει
891 1534 1082 1597 δεῖξαι.

1038 1714 1086 1747 ιε
1111 1737 1123 1747 .

341 1798 489 1855 Ἐὰν
527 1797 732 1867 κύβος
769 1794 1059 1868 ἀριθμὸς
1104 1794 1312 1866 κύβον
1360 1792 1654 1868 ἀριθμὸν
1701 1798 1926 1868 μετρῇ,

232 1888 339 1944 καὶ
389 1885 424 1959 ἡ
472 1885 719 1957 πλευρὰ
767 1884 887 1956 τὴν
934 1882 1228 1956 πλευρὰν
1274 1884 1601 1955 μετρήσει·
1655 1884 1763 1938 καὶ
1810 1882 1926 1939 ἐὰν

232 1975 266 2048 ἡ
307 1974 553 2048 πλευρὰ
594 1973 710 2046 τὴν
749 1971 1042 2043 πλευρὰν
1084 1977 1312 2046 μετρῇ,
1351 1973 1458 2028 καὶ
1500 1970 1529 2028 6
1569 1971 1769 2053 κύβος
1807 1971 1924 2027 τὸν

146 2081 202 2121 20
235 2064 445 2136 κύβον
485 2061 809 2135 μετρήσει.

344 2152 538 2223 Κύβος
584 2150 694 2222 γὰρ
744 2149 987 2223 ἀριθμὸς
1033 2149 1063 2206 6
1104 2157 1159 2206 A
1196 2149 1374 2221 κύβον
1413 2148 1513 2205 τὸν
1552 2154 1600 2204 Β
1646 2153 1927 2221 μετρείτω,

231 2242 324 2297 καὶ
370 2244 472 2297 τοῦ
519 2239 622 2311 μὲν
670 2246 723 2294 A
768 2237 978 2309 πλευρὰ
1028 2243 1166 2294 ἔστω
1215 2236 1244 2294 6
1295 2243 1367 2309 Γ,
1413 2241 1514 2294 τοί
1564 2237 1625 2293 δε
1672 2243 1719 2292 Β
1767 2260 1795 2293 ο
1847 2244 1927 2292 Δ·

233 2331 403 2402 λέγω,
444 2327 530 2385 ὅτι
571 2328 600 2384 6
644 2333 698 2383 Γ
726 2327 828 2384 τὸν
868 2334 923 2382 A
962 2337 1159 2400 μετρεῖ.

351 2423 397 2472 Ο
436 2421 490 2472 Γ
527 2414 634 2488 γὰρ
676 2415 879 2472 ἑαυτὸν
919 2414 1404 2481 πολλαπλασιάσας
1448 2412 1548 2470 τὸν
1588 2420 1641 2469 Ε
1682 2419 1926 2485 ποιείτω,

146 2524 201 2564 25
236 2503 266 2562 6
315 2504 377 2561 δὲ
425 2512 480 2559 A
520 2502 723 2559 ἑαυτὸν
762 2504 1251 2568 πολλαπλασιάσας
1287 2501 1387 2558 τὸν
1433 2508 1500 2557 Η
1537 2507 1785 2573 ποιείτω,
1832 2501 1926 2557 καὶ

235 2598 313 2649 ἔτι
354 2593 383 2649 ὃ
426 2598 480 2648 Γ
509 2592 610 2648 τὸν
651 2600 706 2648 A
744 2592 1230 2658 πολλαπλασιάσας
1259 2589 1360 2648 τὸν
1394 2597 1438 2645 Ζ
1472 2595 1760 2662 [ποιείτω],
1803 2590 1925 2646 ἑκά-

357 2731 394 2772 1.
431 2724 519 2770 εἰσι
549 2725 650 2782 Vq).
752 2731 792 2770 2.
829 2726 894 2784 Ε]
930 2740 1025 2796 seq.
1057 2739 1145 2770 ras.
1182 2730 1204 2770 1
1231 2724 1323 2770 litt.
1349 2724 1404 2769 V.
1505 2729 1544 2770 3.
1579 2728 1812 2781 μετρεῖ-
1839 2721 1924 2768 τόν

236 2787 306 2842 Δ]
340 2799 429 2830 om.
462 2785 513 2828 P.
664 2789 705 2830 4.
738 2783 883 2828 πάλιν
915 2781 1004 2842 δή]
1046 2781 1162 2829 αλλὰ
1203 2781 1262 2841 δὴ
1304 2784 1525 2842 μετρείτω
1565 2783 1715 2839 BVep.
1867 2780 1923 2853 6]

235 2845 317 2889 καὶ
348 2839 373 2888 6
409 2844 510 2898 th.
665 2845 919 2914 μετρείτω]
953 2859 1042 2889 om.
1077 2844 1213 2900 Bth
1381 2848 1420 2887 9.
1454 2847 1620 2900 μετρεῖ
1639 2869 1694 2875 ——
1722 2846 1800 2886 10.
1839 2837 1926 2886 τόν

236 2904 305 2962 Ε]
340 2917 429 2947 om.
462 2902 514 2949 P.
620 2908 688 2947 10.
722 2899 838 2961 ἄρα]
870 2905 977 2959 post
1008 2917 1098 2947 ras.
1133 2907 1158 2946 2
1192 2902 1282 2947 litt.
1315 2901 1367 2945 Β.
1480 2906 1546 2945 12.
1583 2902 1732 2973 Supra
1762 2896 1924 2970 τετρά-

235 2978 387 3020 γωνος
435 2963 483 3007 et
520 2958 814 3018 τετράγωνον
857 2961 905 3005 in
945 2962 982 3005 B
1026 2976 1111 3005 scr.
1155 2976 1338 3018 compp.
1370 2956 1576 3019 ἀριθμός
1614 2962 1663 3005 et
1700 2956 1923 3017 ἀριθμόν.
