1988 3152
237 99 344 152 126
866 96 1203 140 ΣΤΟΙΧΕῙῼΝ
1231 95 1266 137 ς
1276 92 1305 138 ’.

234 222 300 273 Η
345 220 411 290 τῇ
468 215 569 288 μὲν
626 214 734 271 ὑπὸ
786 221 842 269 Λ
854 220 960 270 ΖΕ
1002 217 1180 287 γωνίᾳ
1227 220 1318 285 ἴση
1372 209 1406 284 ἡ
1454 211 1562 268 ὑπὸ
1613 216 1809 281 ΒΗΘ,
1863 214 1928 283 τῇ

237 304 299 361 δὲ
338 302 448 361 ὑπὸ
488 310 663 372 ,ΖΔΕ
706 309 798 374 ἴση
845 299 879 374 ἡ
926 300 1036 358 ὑπὸ
1083 307 1268 358 ΗΒΘ.
1346 299 1511 373 λοιπὴ
1551 299 1661 374 ἄρα
1708 297 1741 371 ἡ
1789 298 1929 372 πρὸς

234 397 309 469 τῷ
350 401 404 449 Ε
438 388 602 466 λοιᾶεῇ
642 396 709 466 τῇ
747 389 887 465 πρὸς
923 394 1000 467 τῷ
1041 397 1088 446 Θ
1126 393 1277 447 ἐστιν
1317 397 1434 461 ἴση·
1476 388 1778 460 ἰσογώνιον
1817 387 1928 459 ἄρα

237 483 353 538 ε’στὶ
392 481 455 538 τὸ
489 488 664 538 ΖΔΕ
696 485 973 554 τρίγωνον
1015 484 1090 557 τῷ
1124 485 1291 536 ΗΘΒ
1323 478 1601 555 τριγώνῳ·
1642 475 1928 548 ἀνάλογον

185 575 212 616 5
245 570 355 644 ἄρα
394 571 544 627 ἐστὶν
585 568 660 636 ὡς
700 568 735 642 ἡ
769 576 880 625 ΖΔ
909 568 1048 643 πρὸς
1077 569 1180 640 τὴν
1210 573 1344 638 ΗΒ,
1378 566 1556 633 οὕτως
1586 564 1620 638 ἡ
1655 572 1761 621 ΖΕ
1790 564 1932 637 πρὸς

237 659 339 732 τὴν
386 665 501 715 ΗΘ
555 659 648 715 καὶ
701 656 736 730 ἡ
776 665 895 714 ΕΔ
933 657 1072 731 πρὸς
1110 656 1214 729 τὴν
1254 663 1374 713 ΘΒ.
1459 658 1687 728 ἐδείχθη
1737 654 1799 711 δὲ
1837 654 1928 710 καὶ

239 747 314 816 ὡς
351 746 385 820 ἡ
429 754 541 804 ΖΔ
578 747 719 820 πρὸς
757 746 858 819 τὴν
892 752 1025 817 ΗΒ,
1067 747 1244 812 οὕτως
1282 743 1315 817 ἡ
1352 749 1462 803 ΖΓ
1496 742 1639 817 πρὸς
1668 743 1772 815 τὴν
1813 747 1932 798 ΗΑ

237 839 331 894 καὶ
387 835 422 909 ἡ
471 843 575 894 ΓΔ
619 835 759 910 πρὸς
804 835 906 907 τὴν
952 842 1087 892 ΑΒ·
1141 835 1233 895 καὶ
1286 832 1358 901 ὡς
1408 832 1517 905 ἄρα
1563 830 1598 905 ἡ
1648 836 1755 888 ΖΓ
1792 852 1934 903 προς

237 927 341 998 τὴν
381 932 527 998 ΑΗ,
576 924 753 991 οὕτως
798 923 835 996 ἤ
881 946 938 980 τε
977 929 1081 979 ΓΔ
1120 922 1258 996 πρὸς
1304 921 1406 994 τὴν
1447 929 1556 978 ΑΒ
1605 921 1697 977 καὶ
1745 918 1779 991 ἡ
1830 925 1938 974 ΖΕ

153 1026 208 1066 10
240 1015 380 1088 πρὸς
442 1014 545 1087 τὴν
600 1019 716 1069 ΗΘ
775 1013 868 1069 καὶ
917 1017 995 1068 ἔτι
1042 1010 1077 1083 ἡ
1135 1018 1248 1067 ΕΔ
1292 1010 1431 1084 πρὸς
1483 1009 1587 1083 τὴν
1644 1015 1763 1066 ΘΒ.
1841 1007 1933 1064 καὶ

241 1105 354 1168 ἐπεὶ
388 1111 489 1175 ἴση
531 1103 681 1160 ἐστὶν
721 1100 756 1174 ἡ
796 1101 899 1173 μὲν
938 1099 1050 1157 ὑπὸ
1086 1106 1252 1156 ΓΖΔ
1288 1105 1467 1171 γωνία
1500 1103 1562 1173 τῇ
1597 1097 1704 1156 ὑπὸ
1739 1102 1932 1168 ΑΗΒ,

240 1191 274 1265 ἡ
316 1193 378 1250 δὲ
408 1190 520 1249 ὑπὸ
561 1197 736 1246 ΔΖΕ
770 1194 836 1263 τῇ
876 1188 987 1246 ὑπὸ
1030 1194 1217 1258 ΒΗΘ,
1259 1189 1360 1260 ὅλη
1401 1187 1510 1261 ἄρα
1549 1185 1582 1259 ἡ
1625 1185 1733 1243 ὑπὸ
1775 1192 1940 1242 ΓΖΕ

242 1282 344 1355 ὅλῃ
390 1284 457 1355 τῇ
504 1278 616 1337 ὑπὸ
666 1284 844 1335 ΑΗΘ
899 1281 1050 1335 ἐστιν
1107 1286 1214 1349 ἴση.
1285 1275 1377 1333 διὰ
1425 1276 1493 1331 τὰ
1542 1275 1682 1332 αὐτὰ
1731 1274 1802 1347 δὴ
1843 1274 1936 1330 καὶ

242 1368 278 1442 ἡ
310 1368 422 1426 ὑπὸ
456 1374 629 1425 ΓΔΕ
655 1372 720 1441 τῇ
762 1366 872 1424 ὑπὸ
916 1373 1085 1424 ΑΒΘ
1124 1368 1273 1423 ἐστιν
1315 1373 1423 1436 ἴση.
1498 1369 1613 1420 ἔστι
1666 1364 1728 1420 δὲ
1766 1364 1858 1420 καὶ
1899 1360 1933 1434 ἡ

157 1467 212 1508 15
249 1459 351 1531 μὲν
390 1456 530 1531 πρὸς
568 1460 644 1534 τῷ
684 1462 737 1512 Γ
768 1460 833 1530 τῇ
874 1454 1013 1527 πρὸς
1050 1457 1126 1532 τῷ
1167 1462 1219 1510 A
1258 1461 1377 1526 ἴση,
1424 1452 1458 1525 ἡ
1501 1453 1563 1510 δὲ
1601 1452 1741 1526 πρὸς
1778 1455 1853 1529 τῷ
1888 1458 1942 1507 Ε

241 1551 307 1621 τῇ
347 1545 486 1619 πρὸς
524 1548 600 1622 τῷ
641 1551 703 1602 Θ.
775 1544 1076 1617 ἰσογώνιον
1124 1542 1233 1615 ἄρα
1281 1543 1394 1599 ἐστὶ
1441 1541 1504 1598 τὸ
1544 1548 1655 1598 ΛΘ
1692 1545 1768 1618 τῷ
1810 1546 1937 1597 ΓΕ·

243 1635 335 1691 καὶ
366 1635 464 1702 τὰς
487 1635 612 1708 περὶ
636 1632 734 1700 τὰς
768 1641 890 1699 ἴσας
919 1637 1128 1704 γωνίας
1159 1630 1348 1687 αὐτῶν
1379 1629 1620 1703 πλευρὰς
1651 1627 1936 1700 ἀνάλογον

244 1729 374 1796 ἔχει·
428 1722 628 1796 ὅμοιον
685 1719 795 1795 ἄρα
850 1721 965 1777 ἐστὶ
1012 1719 1073 1776 τὸ
1116 1726 1224 1775 ΑΘ
1263 1718 1670 1792 εὐθύγραμμον
1716 1722 1792 1792 τῷ
1834 1723 1942 1773 ΓΕ

246 1811 645 1887 εὐθυγράμμῳ.

155 1911 214 1953 20
355 1898 486 1957 Ἀπὸ
532 1904 630 1971 τῆς
676 1903 942 1969 δοθείσης
988 1895 1096 1970 ἄρα
1143 1894 1369 1963 εὐθείας
1415 1899 1512 1968 τῆς
1561 1902 1668 1950 ΑΒ
1716 1901 1790 1968 τῷ
1849 1900 1940 1952 δο-

245 1992 406 2045 θέντι
446 1987 829 2062 εὐθυγράμμῳ
870 1988 944 2061 τῷ
979 1990 1085 2040 ΓΕ
1116 1983 1314 2056 ὅμοιόν
1354 2005 1410 2039 τε
1450 1983 1542 2038 καὶ
1585 1981 1790 2055 ὁμοίως
1828 1990 1935 2040 κεί-

247 2100 420 2151 μενον
461 2075 867 2149 εὐθύγραμμον
908 2073 1321 2145 ἀναγέγραπται
1358 2071 1423 2128 τὸ
1466 2078 1595 2127 ΑΘ·
1653 2070 1786 2145 ὅπερ
1812 2067 1939 2129 ’ἔδει

247 2170 492 2239 ποιῆσαι.

1050 2266 1152 2322 ιθ’.

160 2381 217 2422 25
368 2372 455 2429 Τὰ
504 2371 700 2445 ὅμοια
746 2375 1038 2446 τρίγωνα
1085 2367 1243 2442 πρὸς
1290 2367 1539 2440 ἄλληλα
1590 2370 1658 2423 ἐν
1711 2371 1939 2423 6⁶71).oe—

251 2467 429 2518 σίονι
468 2461 637 2537 λόγῳ
672 2462 809 2517 ἐστὶ
847 2463 974 2517 τῶν
1017 2457 1361 2532 ὁμολόγων
1401 2458 1718 2530 πλευρῶν.

370 2625 477 2670 XIX
509 2625 669 2671 coroll.
700 2625 989 2683 Philoponus
1023 2623 1073 2667 in
1098 2622 1218 2667 anal.
1242 2623 1363 2679 post.
1393 2626 1476 2666 117
1492 2631 1530 2666 V.
1593 2619 1774 2665 Pseuus
1798 2634 1842 2676 p.
1869 2622 1942 2663 57.

374 2766 411 2804 1.
447 2759 621 2817 ΒΗΘ]
653 2755 887 2803 ”ΒἨ’”Θ
918 2758 967 2801 F.
1092 2762 1132 2801 2.
1166 2751 1289 2814 ὑπό]
1322 2768 1411 2799 om.
1437 2753 1527 2811 Bp.
1651 2752 1746 2810 ἴση]
1774 2742 1862 2795 om,
1888 2750 1939 2795 Β.

312 2824 352 2863 4.
386 2819 557 2874 ΗΘΒ]
596 2817 700 2871 PF;
740 2819 886 2862 ΗΒΘ
918 2817 978 2873 B,
1018 2816 1060 2860 V
1093 2830 1118 2860 e
1150 2829 1264 2861 corr.
1296 2829 1356 2858 m.
1390 2818 1438 2868 2,
1479 2827 1510 2869 p
1544 2826 1657 2857 corr.
1703 2825 1758 2855 ex
1790 2810 1940 2854 ΗΘΘ

252 2894 313 2923 m.
349 2883 386 2924 1.
526 2882 567 2922 5.
601 2877 714 2935 ZA]
750 2880 838 2920 AZ
869 2877 919 2921 P.
1059 2875 1171 2933 ΖΕ]
1203 2874 1253 2918 in
1282 2887 1372 2918 ras.
1404 2887 1463 2916 m.
1499 2877 1524 2916 2
1560 2872 1614 2916 V.
1738 2875 1776 2914 6.
1812 2867 1938 2925 ΗΘ]
