1988 3152
189 114 258 167 76
818 115 1153 158 ΣΤοΙΧΕῙΩΝ
1185 111 1252 159 ς’.

185 238 361 289 ΑΘΓ
406 238 707 306 τρίγωνον,
763 235 862 303 τῆς
915 232 977 288 δὲ
1022 237 1127 288 ΓΔ
1171 232 1386 303 βάσεως
1432 233 1523 288 καὶ
1569 236 1670 288 τοῦ
1704 239 1886 290 ΑΔΓ

186 321 465 392 τριγώνου
512 320 679 395 ἄλλα,
727 318 761 375 ἃ
810 325 1026 391 ἔτυχεν,
1077 320 1256 386 ἰσάκις
1302 321 1687 378 πολλαπλάσια
1735 323 1770 393 ἥ
1820 345 1878 378 τε

188 415 302 465 ΛΓ
334 409 496 479 βάσις
524 409 618 464 καὶ
648 410 711 464 τὸ
752 413 928 464 ΑΛΓ
958 414 1260 481 τρίγωνον·
1306 410 1398 465 καὶ
1439 411 1731 480 δέδεικται,
1773 409 1877 480 ὅτι,

189 502 240 553 εἰ
288 496 540 570 ὑπερέχει
594 494 628 569 ἡ
685 503 793 553 ΘΓ
838 497 1001 568 βάσις
1045 501 1143 569 τῆς
1188 503 1288 553 ΓΛ
1334 498 1573 568 βάσεως,
1624 496 1878 571 ὑπερέχει
1972 544 1975 546 .

130 605 157 646 5
188 586 281 640 καὶ
327 584 389 640 τὸ
438 590 610 640 ΑΘΓ
646 591 924 659 τρίγωνον
970 590 1072 641 τοῦ
1119 592 1297 641 ΑΛΓ
1335 586 1641 659 τριγώνου,
1695 587 1788 642 καὶ
1829 590 1883 642 εἰ

191 681 310 745 ἴση,
353 681 504 744 ἴσον,
542 675 634 730 καὶ
675 678 726 730 εἰ
763 674 1041 745 ἐλάσσων,
1082 678 1341 731 ἔλασσον·
1390 679 1540 730 ἔστιν
1580 674 1688 747 άρα
1729 673 1803 741 ὡς
1841 673 1875 747 ἡ

190 767 300 818 ΒΓ
354 762 517 833 βάσις
577 763 716 836 πρὸς
776 763 878 834 τὴν
932 768 1041 819 ΓΔ
1102 764 1295 835 βάσιν,
1359 762 1536 829 ου’τως
1597 764 1659 820 τὸ
1714 769 1893 819 ΑΒΓ

190 855 468 923 τρίγωνον
506 851 647 923 πρὸς
684 850 746 907 τὸ
788 857 962 907 ΑΓΛ
999 855 1312 925 τρίγωνονῖῘι

304 940 419 994 Καὶ
459 940 573 995 ἐπεὶ
611 943 713 995 τοῦ
755 962 856 1011 μεν
897 945 1067 995 ΑΒΓ
1100 940 1378 1011 τριγώνου
1426 940 1725 997 διπλάσιόν
1765 942 1880 996 ἐστι

107 1048 160 1088 10
192 1026 254 1084 τὸ
308 1033 417 1084 ΕΓ
454 1028 1061 1101 παραλληλόγραμμον,
1115 1032 1216 1083 τοῦ
1273 1028 1334 1084 δὲ
1388 1035 1555 1085 ΑΓΔ
1604 1031 1883 1103 τριγώνου

196 1116 494 1173 διπλάσιόν
558 1118 672 1172 ἐστι
733 1115 786 1172 τί
860 1112 968 1172 ΖΓ
1020 1117 1630 1190 παραλληλόγραμμον,
1691 1119 1756 1175 τὰ
1823 1118 1884 1175 δὲ
1973 1178 1976 1184 ,

195 1206 332 1278 μέρη
388 1218 504 1271 τοῖς
559 1204 823 1271 ὡσαύτως
883 1211 1318 1271 πολλαπλασίοις
1378 1205 1477 1262 τὸν
1541 1205 1716 1263 αὐτὸν
1779 1213 1888 1281 ἔχει

194 1294 394 1366 λόγον,
459 1299 609 1350 ἔστιν
665 1292 772 1365 ἄρα
836 1292 910 1360 ὡς
971 1294 1034 1350 τὸ
1084 1299 1256 1350 ΑΒΓ
1300 1300 1580 1366 τρίγωνον
1631 1297 1771 1369 πρὸς
1823 1297 1885 1353 τὸ

197 1388 362 1439 ΑΓΛ
415 1388 718 1455 τρίγωνον,
782 1384 960 1449 οὕτως
1020 1383 1083 1439 τὸ
1147 1388 1257 1439 ΕΓ
1303 1384 1889 1457 παραλληλόγραμμον
1967 1378 1971 1379 ⁷

110 1490 165 1530 15
198 1470 336 1543 πρὸς
382 1470 443 1527 τὸ
494 1477 599 1527 ΖΓ
638 1471 1236 1544 παραλληλόγραμμον.
1324 1473 1438 1528 ἐπεὶ
1488 1466 1601 1528 οὗν.
1642 1475 1887 1546 ἐδείχθη,

199 1558 273 1627 ὡς
326 1560 429 1632 μὲν
474 1558 508 1631 ἡ
549 1565 660 1615 ΒΓ
691 1560 854 1631 βάσις
899 1561 1038 1633 πρὸς
1076 1560 1180 1632 τὴν
1219 1566 1348 1633 ΓΔ,
1402 1562 1578 1627 οὕτως
1616 1561 1679 1618 τὸ
1721 1567 1894 1618 ΑΒΓ

198 1654 476 1721 τρίγωνον
515 1647 653 1720 πρὸς
698 1647 762 1704 τὸ
818 1654 986 1705 ΑΓΔ
1030 1654 1335 1722 τρίγωνον,
1388 1647 1462 1715 ὡς
1510 1650 1570 1706 δὲ
1617 1649 1680 1706 τὸ
1721 1656 1895 1707 ΑΒΓ

199 1743 477 1808 τρίγωνον
532 1736 672 1808 πρὸς
735 1736 797 1793 τὸ
854 1743 1026 1794 ΑΓΔ
1079 1743 1380 1811 τρίγωνον,
1438 1738 1614 1804 οὕτως
1666 1737 1729 1795 τὸ
1785 1745 1898 1796 ΕΓ

201 1826 782 1899 παραλληλόγραμμον
829 1826 969 1898 πρὸς
1015 1825 1077 1882 τὸ
1117 1828 1226 1898 ᾞΓΖ
1279 1827 1885 1901 παραλληλόγραμμον,

112 1932 168 1973 20
199 1916 292 1971 καὶ
334 1913 407 1981 ὡς
447 1915 556 1989 ἄρα
595 1913 628 1987 ἡ
669 1921 778 1971 ΒΓ
810 1915 971 1986 βάσις
1010 1915 1148 1989 πρὸς
1186 1917 1290 1987 τὴν
1329 1921 1432 1972 ΓΛ
1472 1917 1663 1988 βάσιν,
1712 1918 1889 1984 οὕτως

202 2004 262 2060 τὸ
306 2009 415 2060 ΕΓ
457 2003 1039 2077 παραλληλόγραμμον
1087 2003 1226 2076 πρὸς
1271 2003 1332 2060 τὸ
1390 2011 1497 2060 ΖΓ
1543 2006 1909 2077 παραλληλό-.

201 2114 475 2166 νραμμον·

1981 2154 1988 2170 ,.
1977 2058 1988 2135 mm..
1971 1781 1988 2046 muza-...imm
1974 1604 1988 1746 ..fia-mam.
1975 1540 1988 1590 1·-

322 2181 400 2237 Τὰ
466 2180 575 2252 ἄρα
637 2184 882 2253 τρίγωνα
943 2181 1035 2236 καὶ
1096 2180 1163 2236 τὰ
1217 2183 1765 2255 παραλληλόγραμμα
1827 2183 1895 2238 τὰ
1980 2214 1988 2233 ι

204 2268 314 2326 ὑπὸ
370 2269 433 2324 τὸ
491 2267 626 2324 αὐτὸ
683 2270 827 2335 ὕψος
875 2268 1011 2325 ὄντα
1058 2269 1198 2342 πρὸς
1248 2269 1459 2342 ἄλληλά
1513 2274 1661 2328 ἐστιν
1714 2271 1789 2337 ὡς
1839 2273 1901 2327 αἱ
1968 2291 1988 2309 *

116 2371 172 2413 25
209 2358 420 2430 βάσεις·
462 2358 597 2430 ὅπερ
638 2361 750 2413 ἔδει
791 2359 982 2424 δεῖξαι.

1013 2505 1069 2576 βῙ

315 2609 462 2665 Ἐὰν
532 2608 869 2682 τριγώνου
939 2609 1108 2680 παρὰ
1181 2615 1336 2681 μίαν
1398 2614 1526 2667 τῶν
1595 2617 1899 2686 πλευρῶν

203 2700 377 2771 ἀχθῇ
419 2720 516 2763 τις
556 2694 814 2768 εὐθεῖα,
855 2697 1190 2770 ἀνάλογον
1229 2709 1415 2770 τεμεῖ
1450 2698 1562 2765 τὰς
1599 2705 1715 2757 τοῦ
1764 2725 1899 2772 τρι-

330 2852 369 2891 2.
405 2841 465 2904 ἅ]
503 2859 644 2902 supra,
676 2844 746 2890 F.
871 2852 910 2890 3.
944 2847 1063 2904 ΛΓ]
1099 2850 1186 2890 ΓΛ
1218 2847 1268 2892 Ρ.
1416 2853 1456 2890 4.
1502 2849 1609 2907 ΓΛ]
1650 2854 1690 2893 Λ
1720 2849 1769 2894 in
1809 2864 1899 2897 ras.

208 2922 268 2952 m.
297 2912 322 2950 2
348 2905 404 2960 P3
438 2907 532 2949 ΛΓ
558 2905 607 2948 F.
733 2911 771 2949 6.
808 2905 902 2962 ἴση]
929 2907 1031 2949 ἴσον
1057 2906 1110 2963 Β,
1136 2906 1249 2962 etF,
1276 2920 1390 2951 corr.
1416 2922 1477 2952 m.
1504 2912 1546 2952 2.
1670 2905 1898 2968 ἐλάσσων]

1971 2382 1988 2472 ’,ἐᾷ
