1988 3152
165 617 193 657 ὅ

224 129 334 183 150
805 139 809 141 ‘
862 127 1197 172 ΣΤοΙΧΕΙῼΝ
1229 124 1296 171 ς’.

330 246 478 304 Ἐπεὶ
533 245 640 318 γὰρ
695 246 975 318 τριγώνου
1028 248 1131 302 τοῦ
1183 250 1356 300 ΑΒΓ
1409 243 1557 316 παρὰ
1620 249 1754 316 μίαν
1809 247 1922 301 τῶν

217 340 482 409 πλευρῶν
527 335 631 407 τὴν
679 340 789 391 ΒΓ
828 329 989 406 ἦκται
1034 333 1069 406 ἡ
1118 341 1247 404 ΕΖ,
1303 331 1589 404 ἀνάλογόν
1646 335 1795 389 ἐστιν
1850 331 1924 398 ὦς

223 448 258 496 η
315 431 426 481 ΒΕ
476 422 616 496 πρὸς
667 422 770 495 τὴν
818 430 953 494 ΕΑ,
1010 424 1187 489 οὕτως
1232 421 1265 494 ἡ
1315 427 1415 477 ΓΖ
1462 420 1601 493 πρὸς
1650 419 1754 492 τὴν
1803 427 1923 477 ΖΑ.

223 513 421 584 πάλιν,
470 513 586 569 ἐπεὶ
631 512 912 585 τριγώνου
957 515 1060 568 τοῦ
1099 517 1264 568 ΑΓΔ
1302 510 1454 583 παρὰ
1508 515 1643 582 μίαν
1679 509 1784 581 τὴν
1824 515 1927 565 ΓΔ

226 596 388 672 ἦκται
442 599 476 672 ἡ
536 606 673 672 ΖΗ,
730 599 1015 672 ἀνάλογόν
1071 603 1222 657 ἐστιν
1277 597 1351 665 ὡς
1403 597 1437 670 ἡ
1486 604 1586 654 ΓΖ
1632 597 1771 670 πρὸς
1823 597 1925 669 τὴν

226 697 361 762 ΖΑ,
418 687 596 756 οὕτως
642 687 675 761 ἡ
725 696 853 745 ΔΗ
890 688 1028 761 πρὸς
1074 687 1178 761 τὴν
1224 694 1359 744 HA.
1447 684 1569 742 ἀλλ’
1623 686 1697 754 ὡς
1743 685 1777 758 ἡ
1826 692 1926 743 ΓΖ

224 777 366 848 πρὸς
411 776 514 850 τὴν
562 785 694 849 ΖΑ,
751 777 929 844 οὕτως
976 780 1201 849 ἐδείχθη
1250 777 1343 832 καὶ
1390 774 1424 847 ἡ
1472 782 1582 831 ΒΕ
1632 775 1772 847 πρὸς
1824 775 1926 847 τὴν

191 873 359 922 ‘EA’
414 867 507 922 καὶ
562 864 637 932 ὡς
690 865 799 938 ἄρα
854 864 887 937 ἡ
944 871 1055 921 ΒΕ
1106 864 1246 935 πρὸς
1299 864 1403 936 τὴν
1459 871 1595 935 ΕΑ,
1659 863 1838 930 Οὕτως
1891 862 1925 935 ἦ

136 1061 194 1101 10

142 1508 196 1549 15

140 1953 197 1993 20

143 2395 202 2437 25

228 961 357 1010 AH
387 954 529 1027 πρὸς
566 953 670 1026 τὴν
708 961 848 1025 ΗΑ,
888 955 980 1010 καὶ
1021 955 1289 1011 συνθέντι
1330 952 1442 1025 ἄρα
1475 951 1550 1019 ὡς
1580 952 1614 1024 ἡ
1649 960 1759 1010 ΒΑ
1791 951 1929 1025 πρὸς

227 1050 363 1115 ΑΕ,
406 1041 585 1109 οὕτως
621 1040 655 1114 ἡ
699 1050 816 1099 ΛΑ
854 1043 996 1115 πρὸς
1034 1049 1178 1114 ΑΗ,
1226 1044 1317 1098 καὶ
1359 1041 1594 1109 ἐναλλὰξ
1635 1040 1710 1109 ὥς
1748 1040 1782 1114 ἡ
1818 1049 1929 1098 ΒΑ

225 1132 366 1206 πρὸς
420 1131 524 1205 τὴν
570 1139 712 1204 ΑΔ,
769 1130 948 1198 οὕτως
1001 1130 1036 1203 ἡ
1084 1138 1196 1187 EA
1250 1130 1389 1205 πρὸς
1441 1130 1545 1203 τὴν
1595 1137 1728 1187 ΑΗ.
1814 1135 1928 1187 τῶν

226 1220 338 1295 ἄρα
377 1226 629 1292 ΑΒΓΔ,
662 1227 786 1276 ΕΗ
816 1220 1416 1293 παραλληλογράμμων
1456 1218 1742 1291 ἀνάλογόν
1783 1223 1927 1276 εἰσιν

229 1314 291 1367 αἶ
326 1311 561 1385 πλευραὶ
595 1313 656 1366 αἱ
684 1311 809 1383 περὶ
841 1309 945 1382 τὴν
976 1308 1177 1382 κοινὴν
1209 1314 1424 1381 γωνίαν
1457 1308 1560 1380 τὴν
1594 1307 1703 1365 ὑπὸ
1739 1314 1930 1363 ΒΑΔ.

226 1401 318 1456 καὶ
366 1401 482 1456 ἐπεὶ
528 1398 884 1472 παράλληλός
931 1401 1081 1455 ἐστιν
1128 1397 1162 1470 ἡ
1205 1405 1318 1454 ΗΖ
1356 1402 1421 1472 τῇ
1465 1403 1595 1468 ΛΓ,
1646 1404 1736 1468 ἴση
1780 1398 1930 1452 ἐστὶν

229 1487 262 1561 ἡ
313 1489 416 1562 μὲν
463 1487 573 1546 ὑπὸ
623 1494 805 1551 ΑΖΗ
849 1492 1027 1561 γωνία
1081 1492 1146 1562 τῇ
1203 1485 1311 1544 ὑπὸ
1369 1492 1563 1543 ΔΓΑ·
1617 1486 1710 1541 καὶ
1765 1484 1927 1556 κοινὴ

216 1580 342 1635 τῶν
397 1578 502 1635 δύο
549 1577 841 1651 τριγώνων
888 1580 1001 1633 τῶν
1048 1581 1241 1647 ΑΔΓ,
1280 1581 1455 1631 ΑΗΖ
1510 1573 1543 1646 ἡ
1598 1573 1705 1631 ὑπὸ
1759 1578 1940 1629 ΛΑΓ

228 1672 429 1740 γωνία·
485 1667 788 1738 ἰσογώνιον
844 1665 955 1738 ἄρα
1009 1665 1124 1722 ἐστὶ
1178 1663 1240 1721 τὸ
1297 1669 1478 1720 ΑΛΓ
1524 1668 1803 1735 τρίγωνον
1857 1665 1931 1738 τῷ

227 1763 404 1812 ΑΗΖ
449 1755 722 1832 τριγώνῳ.
800 1754 893 1811 διὰ
934 1753 1001 1810 τὰ
1042 1752 1182 1809 αὐτὰ
1216 1753 1285 1825 δὴ
1319 1753 1410 1808 καὶ
1442 1750 1505 1808 τὸ
1539 1757 1707 1808 ΑΓΒ
1739 1755 1933 1824 τρίγω-

229 1868 335 1902 νον
383 1843 688 1916 ἰσογώνιόν
737 1845 851 1900 ἐστι
896 1847 971 1919 τῷ
1014 1849 1185 1898 ΑΖΕ
1218 1840 1502 1917 τριγώνῳ,
1549 1841 1641 1896 καὶ
1690 1838 1825 1896 ὅλον
1864 1838 1927 1895 τὸ

232 1939 463 1990 ΑΒΓΔ
502 1932 1084 2005 παραλληλόγραμμον
1116 1935 1192 2008 τῷ
1225 1935 1348 1987 ΕΗ
1373 1927 1931 2003 παραλληλογράμμῳ

232 2022 538 2095 ἰσογώνιόν
580 2024 743 2078 ἐστιν.
822 2020 1104 2092 ἀνάλογον
1144 2019 1255 2092 ἄρα
1289 2020 1439 2075 ἐστὶν
1473 2017 1547 2085 ὡς
1578 2016 1612 2089 ἡ
1647 2024 1764 2073 ΑΔ
1795 2015 1935 2088 πρὸς

229 2111 333 2184 τὴν
376 2117 504 2183 ΔΓ,
554 2112 731 2177 οὕτως
776 2108 810 2182 ἡ
851 2116 978 2166 ΑΗ
1008 2108 1147 2181 πρὸς
1194 2107 1296 2181 τὴν
1337 2114 1476 2179 ΗΖ,
1523 2106 1598 2174 ὡς
1647 2106 1708 2162 δὲ
1747 2103 1781 2177 ἡ
1823 2109 1942 2161 ΔΓ

231 2199 372 2273 πρὸς
409 2200 515 2273 τὴν
554 2206 687 2271 ΓΑ,
738 2198 916 2266 οὕτως
961 2197 996 2271 ἡ
1039 2204 1150 2254 ΗΖ
1188 2196 1328 2269 πρὸς
1365 2196 1469 2269 τὴν
1511 2203 1635 2267 ΖΑ,
1668 2193 1758 2261 ’ὡς
1798 2194 1859 2250 δὲ
1884 2191 1933 2265 ἡ

233 2294 349 2345 ΑΓ
388 2288 526 2361 πρὸς
571 2287 676 2359 τὴν
716 2293 843 2359 ΓΒ,
892 2288 1068 2353 οὕτως
1114 2284 1148 2358 ἡ
1187 2291 1294 2341 ΑΖ
1341 2284 1482 2355 πρὸς
1526 2283 1631 2355 τὴν
1673 2289 1802 2355 ΖΕ,
1842 2283 1934 2338 καὶ

236 2382 314 2434 ἔτι
349 2375 423 2443 ὡς
455 2375 488 2447 ἡ
523 2381 624 2432 ΓΒ
656 2375 795 2448 πρὸς
826 2375 930 2448 τὴν
962 2382 1081 2446 ΒΑ,
1120 2375 1297 2439 οὕτως
1331 2371 1365 2444 ἡ
1395 2379 1500 2428 ΖΕ
1519 2371 1659 2444 πρὸς
1682 2371 1785 2443 τὴν
1810 2377 1935 2427 ΕΑ.

355 2501 395 2541 2.
429 2492 535 2554 τήν]
577 2495 628 2539 in
666 2509 752 2540 ras.
798 2510 859 2541 m.
893 2500 919 2539 2
952 2493 1008 2550 V,
1042 2507 1157 2539 corr.
1191 2508 1247 2538 ex
1276 2493 1331 2551 τῇ
1365 2508 1424 2537 m.
1460 2497 1485 2535 2
1518 2491 1567 2535 Ρ.
1692 2489 1804 2548 ΕΖ]
1843 2491 1935 2533 ΗΖ

234 2572 297 2602 m.
330 2569 422 2601 rec.
452 2571 499 2613 p.
617 2560 656 2599 3.
692 2550 807 2614 ΒΕ]
843 2555 1007 2599 mutat.
1040 2553 1090 2597 in
1121 2555 1217 2596 BH
1245 2567 1305 2596 m.
1338 2566 1428 2596 reo.
1497 2584 1505 2593 .
1617 2549 1732 2607 EA]
1766 2549 1931 2593 mussat.

234 2616 286 2661 in
326 2618 417 2660 HA
464 2629 524 2659 m.
565 2628 656 2659 rec.
696 2629 749 2670 p;
797 2617 886 2658 ΒΔ
919 2631 968 2670 φ.
1119 2619 1163 2658 4.
1203 2610 1368 2669 ΑΓΔ]
1414 2611 1450 2655 Ρ
1504 2645 1514 2665 ,
1554 2608 1678 2653 Vm.
1717 2613 1763 2661 13
1797 2609 1941 2651 ΑΔΓ

235 2674 335 2733 Bp,
366 2673 410 2717 V
435 2689 498 2718 m.
530 2678 571 2718 2.
703 2678 742 2717 5.
778 2674 896 2732 ZH]
929 2673 1095 2718 mutat.
1127 2671 1178 2716 in
1209 2673 1294 2715 ZE
1325 2684 1386 2714 m.
1418 2683 1510 2714 rec.
1542 2684 1586 2727 p.
1727 2672 1768 2712 6.
1802 2666 1930 2724 ΔΗ]

236 2734 403 2779 mussat.
430 2732 480 2777 in
506 2735 600 2777 ΔΕ
623 2747 683 2776 m.
710 2746 800 2777 rec.
827 2748 871 2789 p.
966 2736 1006 2776 8.
1033 2731 1142 2789 EA]
1175 2729 1339 2787 (prius)
1373 2731 1466 2773 EA
1491 2745 1526 2785 φ
1553 2729 1671 2800 gnon
1693 2726 1764 2782 F).
1828 2725 1934 2782 Seq.

235 2793 286 2839 in
315 2808 367 2850 p:
403 2787 553 2843 οὕτως
584 2788 613 2848 ἡ
648 2794 750 2835 ΔΗ
779 2789 896 2845 πρὸς
927 2787 1014 2847 τὴν
1051 2794 1140 2835 HA
1174 2789 1254 2833 καὶ
1286 2787 1511 2833 συνθέντι
1544 2803 1654 2843 αρα,
1687 2785 1776 2829 del.
1802 2799 1864 2829 m.
1895 2789 1934 2828 1.

233 2848 382 2903 οὕτως
421 2853 508 2896 καί
542 2866 587 2909 p.
742 2856 783 2895 9.
818 2848 931 2907 ἄρα]
965 2864 1054 2895 om.
1087 2849 1135 2893 P.
1262 2853 1330 2893 10.
1363 2844 1450 2904 τὴν
1473 2849 1560 2891 ΑΕ
1584 2845 1639 2891 V.
1763 2839 1930 2901 οὕτως]

233 2925 325 2957 om.
365 2911 506 2968 BFp.
569 2906 658 2966 τὴν
703 2913 802 2954 ΑΗ
827 2909 882 2954 V.
1037 2908 1146 2967 BA]
1188 2910 1271 2951 AB
1303 2922 1347 2964 p.
1504 2910 1572 2950 12.
1606 2901 1720 2962 ἄρα]
1754 2903 1810 2957 Ρ;
1844 2916 1933 2947 om.
