1988 3152
159 737 185 778 5

127 1188 181 1228 10

123 1630 176 1670 15

117 2072 175 2112 20

111 2512 169 2554 25

224 171 333 225 238
859 174 1195 218 ΣΤοΙΧΕΙΩΝ
1227 172 1282 228 ς’.

1019 349 1126 406 κδ’.

331 449 475 509 Ἐἀν
525 453 644 509 δύο
694 451 974 527 ἀριθμοὶ
1020 453 1182 527 πρός
1232 476 1379 510 τινα
1419 454 1711 530 ἀριθμὸν
1748 464 1922 532 πρῶ-

221 563 322 596 τοι
363 535 552 614 ωσιν,
591 543 698 598 καὶ
738 540 769 599 5
810 544 871 609 ἐξ
920 541 1138 599 αὐτῶν
1186 543 1548 680 γενόμενος
1592 547 1754 621 πρὸς
1800 548 1919 605 τὸν

220 628 427 686 αὐτὸν
466 650 720 703 πρωτος
760 635 957 687 ἔσται.

333 718 459 776 Δύο
514 720 622 793 γὰρ
679 718 914 793 ἀριθμοὶ
970 722 1029 775 οἰ
1073 727 1150 791 A,
1191 726 1238 775 Β
1293 720 1433 793 πρός
1486 743 1612 777 τινα
1667 721 1915 796 ἀριθμὸν

215 807 318 864 τὸν
366 813 420 864 Γ
465 812 675 882 πρῶτοι
723 813 997 878 ἔστωσαν,
1043 809 1136 864 καὶ
1183 805 1212 863 5
1263 816 1316 863 A
1362 808 1462 865 τὸν
1509 816 1557 866 Β
1603 819 1916 868 πολλαπλα-

217 898 412 963 σιάσας
465 897 567 953 τὸν
615 904 670 952 A
723 901 970 953 ποιείτω·
1025 897 1194 967 λέγω,
1251 897 1336 952 ὅτι
1393 901 1450 952 οἱ
1501 903 1565 968 Γ,
1599 907 1654 954 Δ
1706 904 1916 973 πρῶτοι

214 983 353 1057 πρὸς
391 984 667 1057 ἀλλήλους
706 989 862 1041 εἰσίν.

326 1078 402 1130 Εἰ
437 1072 546 1147 γὰρ
586 1073 661 1146 μή
702 1077 846 1129 εἰσιν
887 1075 945 1129 οἱ
980 1078 1045 1142 Γ,
1079 1080 1134 1128 A
1179 1077 1389 1145 πρῶτοι
1436 1074 1574 1147 πρὸς
1621 1074 1912 1149 ἀλλήλους,

214 1162 472 1235 μετρήσει
530 1167 655 1232 [τις]
711 1161 841 1229 τοὺς
894 1168 963 1233 Γ,
1004 1169 1059 1217 Δ
1119 1160 1377 1235 ἀριθμός.
1470 1170 1758 1237 μετρείτω,
1819 1168 1912 1222 καὶ

214 1256 352 1309 ἔστω
394 1250 425 1308 5
464 1257 528 1308 Ε.
604 1251 697 1307 καὶ
738 1251 852 1307 ἐπεὶ
894 1253 952 1306 οἰ
987 1256 1060 1321 Γ,
1092 1259 1145 1307 A
1193 1255 1405 1323 πρῶτοι
1451 1250 1591 1325 πρὸς
1636 1252 1914 1325 ἀλλήλους

213 1345 382 1412 εἰσίν,
437 1341 535 1397 τὸν
583 1340 646 1396 δὲ
692 1346 744 1396 Γ
792 1351 980 1412 μετρεῖ
1022 1362 1104 1406 τις
1152 1338 1395 1413 ἀριθμὸς
1443 1337 1472 1397 5
1522 1347 1595 1412 E,
1645 1345 1703 1398 οἱ
1745 1351 1821 1414 A,
1864 1349 1916 1399 Ε

211 1427 322 1502 ἄρα
359 1434 571 1502 πρῶτοι
610 1427 748 1501 πρὸς
787 1428 1066 1500 ἀλλήλους
1105 1431 1263 1484 εἰσίν.
1327 1426 1521 1495 ὁσάκις
1561 1429 1631 1501 δὴ
1667 1428 1696 1486 5
1731 1438 1784 1487 E
1811 1432 1910 1488 τὸν

212 1525 267 1573 A
321 1529 525 1592 μετρεῖ,
570 1522 837 1574 τοσαῦται
883 1519 1124 1589 μονάδες
1171 1521 1421 1573 ἔστωσαν
1469 1520 1530 1574 ἐν
1578 1522 1654 1595 τῷ
1697 1525 1761 1574 Ζ·
1818 1523 1910 1577 καὶ

210 1604 240 1663 5
284 1613 330 1662 Z
369 1606 480 1679 ἄρα
525 1605 626 1663 τὸν
668 1613 723 1661 A
762 1617 951 1678 μετρεῖ
994 1605 1130 1661 κατὰ
1180 1605 1279 1672 τὰς
1320 1607 1380 1662 ἐν
1426 1611 1502 1683 τῷ
1544 1614 1596 1662 Ε
1643 1608 1908 1679 μονάδας.

210 1694 239 1752 5
296 1702 349 1752 E
400 1695 510 1767 ἄρα
556 1694 655 1752 τὸν
712 1701 756 1750 Ζ
803 1693 1295 1760 πολλαπλασιάσας
1340 1694 1442 1751 τὸν
1495 1703 1550 1750 A
1595 1702 1908 1769 πεποίηκεν.

209 1783 348 1841 ἀλλὰ
399 1783 520 1856 μὴν
572 1784 665 1840 καὶ
721 1781 750 1839 5
799 1792 852 1839 A
901 1782 999 1839 τὸν
1053 1789 1100 1838 Β
1155 1783 1648 1851 πολλαπλασιάσας
1698 1785 1798 1842 τὸν
1854 1793 1910 1842 A

207 1878 528 1946 πεποίηκεν·
585 1879 706 1938 ἴσος
758 1870 869 1944 ἄρα
926 1871 1075 1927 ἐστὶν
1131 1869 1160 1927 5
1219 1873 1279 1927 ἑκ
1333 1876 1446 1928 τῶν
1500 1879 1574 1943 Ε,
1617 1880 1661 1928 Ζ
1716 1878 1792 1951 τῷ
1849 1878 1909 1932 ἐκ

206 1966 319 2019 τῶν
360 1971 438 2033 A,
471 1967 533 2017 Β.
613 1959 710 2018 ἐὰν
752 1961 813 2016 δὲ
854 1957 882 2015 5
924 1957 1033 2015 ὑπὸ
1075 1963 1188 2015 τῶν
1229 1959 1417 2033 ἄκρων
1458 1968 1578 2027 ἴσος
1616 1955 1652 2034 ᾖ
1685 1966 1760 2039 τῷ
1794 1961 1904 2020 ὑπὸ

209 2056 324 2109 τῶν
385 2053 596 2124 μέσων,
660 2051 718 2105 oc
767 2049 1028 2122 τέσσαρες
1089 2046 1326 2121 ἀριθμοὶ
1388 2047 1674 2120 ἀνάλογόν
1738 2055 1903 2108 εἰσιν·

205 2146 355 2197 ἔστιν
396 2139 506 2212 ἄρα
545 2137 620 2204 ὥς
659 2135 688 2194 5
730 2144 782 2193 Ε
816 2136 956 2210 πρὸς
994 2135 1095 2193 τὸν
1134 2145 1206 2208 Α,
1247 2135 1424 2203 οὕτως
1465 2135 1494 2194 5
1534 2143 1582 2193 Β
1625 2138 1765 2212 πρὸς
1803 2139 1904 2196 τὸν

205 2237 263 2286 Ζ.
342 2232 400 2285 οἱ
438 2229 499 2285 δὲ
539 2236 619 2299 A,
653 2233 705 2282 E
740 2230 976 2300 πρῶτοι,
1026 2229 1083 2283 οἱ
1119 2226 1182 2282 δὲ
1220 2229 1434 2300 πρῶτοι
1465 2227 1558 2282 καὶ
1606 2226 1902 2300 ἐλάχιστοι,

205 2322 262 2375 οἱ
307 2317 370 2374 δὲ
417 2316 696 2389 ἐλάχιστοι
742 2314 979 2388 ἀριθμοὶ
1017 2319 1131 2371 τῶν
1171 2314 1272 2371 τὸν
1313 2313 1488 2371 αὐτὸν
1535 2315 1709 2387 λόγον
1749 2316 1902 2389 ἐχόν-

202 2428 317 2462 των
365 2404 556 2472 αὐτοῖς
603 2408 868 2478 μετροῦσι
914 2402 1047 2469 τοὺς
1091 2401 1191 2459 τὸν
1239 2403 1414 2460 αὐτὸν
1461 2405 1635 2476 λόγον
1675 2410 1902 2477 ἔχοντας

204 2494 384 2561 ἰσάκις
440 2492 470 2550 ὅ
517 2515 574 2550 τε
623 2498 821 2566 μείζων
868 2491 969 2548 τὸν
1018 2496 1243 2564 μείζονα
1289 2492 1382 2547 καὶ
1434 2489 1464 2548 5
1507 2493 1761 2550 ἐλάσσων
1799 2494 1901 2550 τὸν
1975 2538 1983 2550 ..

204 2583 506 2653 ἐλάσσονα,
555 2584 840 2639 τουτέστιν
893 2579 923 2637 ὅ
971 2602 1028 2637 τε
1074 2579 1388 2653 ἡγούμενος
1433 2581 1534 2637 τὸν
1581 2579 1898 2654 ἡγούμενον

324 2782 362 2822 1.
396 2773 475 2819 κς’
511 2773 660 2831 BVp,
692 2774 811 2818 Pm.
845 2787 935 2818 rec.
1029 2778 1070 2820 2.
1103 2773 1215 2818 Post
1246 2768 1452 2829 ἀριθμοί
1485 2773 1588 2818 add.
1622 2773 1665 2818 V
1697 2773 1894 2831 (iuras.)
1962 2750 1964 2753 .

202 2837 250 2882 eb
282 2853 338 2892 tp:
354 2835 560 2906 πρῶτοι.
697 2829 928 2890 ἀριθμόν]
961 2847 1054 2890 mg.
1087 2848 1147 2877 m.
1182 2837 1207 2876 2
1241 2831 1296 2876 V.
1415 2832 1615 2903 πρῶτοι]
1649 2845 1738 2877 om.
1771 2833 1821 2877 V
1844 2851 1894 2889 φ.
1965 2851 1988 2890 'ss

261 2900 302 2940 3.
336 2908 421 2938 ωσι
452 2893 642 2950 Pquo.
704 2893 887 2949 πρῶτος
928 2889 1058 2936 ἔσται
1096 2889 1213 2949 πρὸς
1251 2888 1334 2935 τὸν
1367 2886 1516 2936 αὐτόν
1547 2907 1592 2948 p.
1717 2896 1757 2935 7.
1790 2907 1893 2936 ποι-

201 2951 295 3011 ήτω
330 2971 388 3010 φ,
423 2953 504 2998 sed
535 2966 650 2997 corr
778 2954 837 3007 Γ,
872 2951 942 3009 Δ]
975 2965 1000 2995 e
1032 2965 1148 2995 corr
1180 2965 1241 2994 m
1275 2954 1301 2994 2
1326 2965 1371 3007 p,
1497 2956 1564 2996 10.
1597 2949 1686 3009 τις]
1720 2964 1809 2996 om.
1835 2950 1891 3006 P;
