1988 3152
220 172 331 226 240
851 172 1188 215 ΣΤοΙΧΕΙΩΝ
1219 168 1276 226 ζ’.

221 291 314 346 καὶ
363 288 392 346 6
445 289 714 361 ἑπόμενος
758 288 858 345 τὸν
907 289 1202 361 ἑπόμενον·
1258 288 1286 345 6
1338 297 1391 345 Ε
1434 289 1542 362 ἄρα
1589 288 1689 345 τὸν
1738 295 1784 344 Β
1825 312 1914 360 με-

222 389 354 450 τρεῖ.
431 389 620 450 μετρεῖ
664 377 726 433 δὲ
764 378 856 433 καὶ
895 377 996 434 τὸν
1042 383 1110 434 Γ·
1158 377 1187 434 6
1230 385 1283 433 Ε
1318 376 1427 449 ἄρα
1466 376 1595 442 τοὺς
1633 383 1707 447 Β,
1741 383 1794 432 Γ
1824 400 1915 449 με-

222 477 344 539 τρεῖ
386 455 648 539 γπριήττους
694 465 860 532 ὄντας
906 465 1047 539 πρὸς
1084 450 1380 539 ἀλλήλους·
1422 465 1555 538 ὅπερ
1597 466 1748 521 ἐστὶν
1780 463 1917 521 ἀδύ-

224 576 410 610 νατον.
499 551 604 610 οὐκ
657 553 767 627 ἄρα
821 554 953 621 τοὺς
1006 560 1069 626 Γ,
1103 563 1159 611 A
1212 553 1493 627 ἀριθμοὺς
1547 552 1791 627 ἀριθμός
1837 576 1919 620 τις

168 657 193 697 5
226 643 496 715 μετρήσει.
575 645 634 698 οἰ
667 648 731 714 Γ,
766 650 821 698 A
859 642 969 716 ἄρα
1007 647 1215 717 πρῶτοι
1254 643 1393 716 πρὸς
1441 642 1713 713 ἀλλήλους
1752 647 1915 698 εἰσίν·

227 729 361 804 ὅπερ
402 735 515 788 ἔδει
557 734 746 799 δεῖξαι.

1025 857 1085 890 κε
1113 880 1123 890 .

333 935 480 1010 Ἐὰν
537 937 656 993 δύο
720 936 1001 1011 ἀριθμοὶ
1062 941 1310 1010 πρῶτοι
1372 936 1532 1010 πρὸς
1594 934 1922 1007 ἀλλήλους

229 1019 417 1096 ὦσιν,
474 1023 503 1081 6
560 1027 626 1081 ἐκ
680 1030 798 1082 τοῦ
854 1024 1003 1091 ἑνὸς
1049 1024 1280 1082 αὐτῶν
1342 1024 1704 1097 γενόμενος
1763 1024 1924 1097 πρὸς

143 1120 198 1160 10
229 1113 344 1170 τὸν
384 1113 620 1170 λοιπὸν
660 1118 915 1187 πρῶτος
955 1118 1150 1170 ἔσται.

325 1201 618 1259 ’Ἑστωσαν
668 1202 772 1259 δύο
822 1202 1059 1276 ἀριθμοὶ
1105 1207 1313 1275 πρῶτοι
1360 1201 1499 1275 πρὸς
1546 1199 1825 1273 ἀλλήλους
1872 1204 1929 1257 οἱ

229 1299 306 1363 A,
340 1297 413 1362 Β,
452 1292 545 1363 καὶ
586 1289 616 1347 6
655 1300 708 1347 A
748 1292 951 1348 ἑαυτὸν
992 1290 1480 1357 πολλαπλασιάσας
1517 1288 1617 1347 τὸν
1664 1295 1717 1346 Γ
1756 1295 1927 1346 ποιεί-

229 1398 329 1436 τω·
376 1382 543 1452 λέγω,
595 1377 680 1435 ὅτι
721 1382 779 1435 οἱ
815 1387 886 1450 Β,
919 1384 974 1435 Γ
1011 1383 1222 1454 πρῶτοι
1268 1378 1408 1453 πρὸς
1455 1377 1731 1451 ἀλλήλους
1771 1382 1929 1435 εἰσίν.

345 1473 575 1524 Κείσθω
616 1466 723 1540 γάρ
763 1471 838 1545 τῷ
880 1477 933 1524 A
973 1476 1092 1535 ἴσος
1133 1466 1162 1524 6
1204 1476 1274 1524 A.
1353 1469 1467 1525 ἐπεὶ
1509 1470 1566 1524 oc
1602 1475 1673 1538 A,
1702 1473 1750 1522 Β
1782 1470 1929 1538 πρῶ-

146 1569 200 1610 15
233 1578 319 1613 τοι
357 1556 500 1630 πρὸς
538 1555 816 1628 ἀλλήλους
855 1561 1025 1628 εἰσίν,
1067 1565 1186 1622 ἴσος
1225 1556 1286 1613 δὲ
1328 1555 1356 1614 6
1399 1565 1452 1613 A
1498 1559 1573 1631 τῷ
1616 1563 1696 1627 A,
1742 1555 1836 1610 καὶ
1867 1557 1934 1612 ,οἱ

234 1652 305 1716 A,
337 1652 383 1701 Β
424 1644 535 1718 ἄρα
574 1649 784 1718 πρῶτοι
822 1645 962 1718 πρὸς
1001 1644 1279 1717 ἀλλήλους
1310 1649 1470 1702 εἰσίν.
1532 1644 1787 1717 ἑκάτερος
1819 1642 1930 1717 ἄρα

232 1738 346 1790 τῶν
387 1741 467 1805 A,
501 1742 555 1790 A
593 1732 733 1805 πρὸς
770 1733 871 1790 τὸν
912 1740 959 1789 Β
1006 1732 1224 1806 πρῶτός
1273 1736 1445 1791 ἐστιν·
1492 1733 1587 1788 καὶ
1634 1730 1664 1788 6
1714 1734 1773 1789 ἐκ
1820 1734 1933 1788 τῶν

238 1829 318 1894 A,
353 1830 406 1877 A
453 1820 563 1895 ἄρα
610 1821 913 1893 γενόμενος
957 1821 1098 1894 πρὸς
1142 1821 1244 1878 τὸν
1292 1829 1340 1877 Β
1388 1825 1605 1895 πρῶτος
1650 1825 1816 1877 ἔσται.
1903 1818 1933 1877 6

236 1909 299 1966 δὲ
346 1912 406 1966 ἐκ
451 1913 564 1966 τῶν
617 1916 694 1980 A,
728 1917 780 1964 A
826 1908 1128 1982 γενόμενος
1174 1908 1416 1982 ἀριθμός
1463 1912 1614 1966 ἐστιν
1663 1907 1693 1965 6
1742 1914 1804 1966 Γ.
1879 1909 1939 1965 οἰ

148 2019 204 2059 20
237 2003 300 2069 Γ,
342 2004 388 2053 Β
444 1996 555 2070 ἄρα
614 2000 826 2069 πρῶτοι
876 1996 1014 2071 πρὸς
1068 1997 1344 2071 ἀλλήλους
1400 2002 1569 2054 εἰσίν·
1632 1997 1766 2070 ὅπερ
1820 2000 1933 2053 ἔδει

238 2087 428 2154 δεῖξαι.

1034 2187 1135 2248 κς’.

346 2289 493 2347 Ἐὰν
548 2291 670 2348 δύο
717 2290 1001 2364 ἀριθμοὶ
1046 2293 1206 2365 πρὸς
1266 2292 1386 2349 δύο
1434 2290 1767 2364 ἀριθμοὺς
1821 2289 1938 2363 ἀμ-

239 2379 512 2453 φότεροι
570 2379 731 2454 πρὸς
786 2380 1101 2454 ἑκάτερον
1161 2385 1410 2452 πρῶτοι
1466 2374 1653 2452 ὦσιν,
1707 2379 1819 2435 καὶ
1876 2381 1942 2435 οἰ

151 2482 208 2523 25
241 2470 304 2535 ἐξ
367 2467 583 2524 αὐτῶν
653 2469 1008 2541 γενόμενοι
1070 2472 1319 2542 πρῶτοι
1380 2467 1542 2541 πρὸς
1610 2465 1939 2540 ἀλλήλους

242 2562 526 2614 ἔσονταα

355 2645 481 2701 Δύο
536 2644 643 2719 γὰρ
700 2644 937 2719 ἀριθμοὶ
993 2648 1051 2703 oc
1100 2654 1177 2717 A,
1210 2652 1258 2701 Β
1312 2643 1449 2717 πρὸς
1497 2644 1600 2701 δύο
1657 2642 1940 2719 ἀριθμοὺς

241 2732 374 2799 τοὺς
422 2738 494 2804 Γ,
534 2740 590 2788 A
643 2732 948 2807 ἀμφότεροι
1003 2732 1143 2807 πρὸς
1189 2734 1450 2806 ἑκάτερον
1504 2735 1715 2806 πρῶτοι
1779 2737 1941 2789 ἔστω-

365 2887 407 2928 2.
440 2877 579 2939 τούς]
612 2877 695 2925 τόν
727 2897 772 2938 p.
896 2885 955 2936 Β,
990 2882 1055 2940 Γ]
1092 2883 1144 2939 Γ,
1175 2885 1212 2925 Β
1244 2882 1327 2938 Βφ
1332 2879 1527 2939 ,inras.
1551 2879 1607 2926 V.
1729 2885 1771 2926 4.
1804 2875 1943 2937 ἀρυθ-

246 2938 363 3000 μός]
398 2954 486 2986 om.
521 2957 570 2997 φ.
696 2945 735 2985 7.
768 2936 841 2994 κζ’
877 2939 1025 2998 BVp‚
1058 2940 1177 2985 Pm.
1209 2954 1300 2986 rec
1424 2945 1492 2986 12.
1525 2943 1562 2984 A
1596 2935 1789 2997 ἔαυτόν]
1824 2952 1940 2984 corr.
