1988 3152
243 119 313 172 96
883 118 1219 161 ΣΤΟΙΧΕΙΩΝ
1250 113 1310 162 ς’.
1383 159 1389 166 .

241 234 382 308 πρὸς
423 247 542 302 τοῖς
580 240 644 306 Γ,
671 242 716 290 Ζ
754 235 1029 308 πρότερον
1069 236 1335 309 ἑκατέραν
1373 236 1489 308 ἅμα
1529 235 1804 292 ἐλάσσονα
1845 232 1939 306 ὀρ-

243 326 382 395 θῆς·
425 318 715 394 λέγω,’ὃ’τι
755 323 1059 394 ἰσογώνιόν
1099 325 1214 380 ἐστι
1253 322 1315 380 τὸ
1351 328 1524 379 ΑΒΓ
1553 328 1830 396 τρίγωνον
1861 326 1937 400 τῷ

246 418 364 467 AE
378 418 422 466 Z
459 410 744 487 τριγώνῳ,
784 412 877 467 καὶ
917 419 1007 483 ἴση
1050 416 1201 468 ἔσται
1241 409 1275 484 ἡ
1308 410 1420 468 ὑπὸ
1463 417 1636 468 ΑΒΓ
1659 415 1837 482 γωνία
1876 414 1940 484 τῇ

243 497 353 555 ὑπὸ
403 507 598 572 ΔΕΖ,
646 501 738 556 καὶ
785 498 951 572 λοιπὴ
1000 500 1263 572 δηλονότι
1308 498 1343 572 ἡ
1380 499 1531 574 ,πρὸς
1576 502 1651 576 τῷ
1693 504 1746 555 Γ
1778 503 1942 573 λοιπῇ

185 603 211 644 5
242 592 308 663 τῇ
353 587 494 661 πρὸς
531 592 608 666 τῷ
651 596 696 645 Ζ
735 596 844 661 ἴση.

358 681 434 732 Εἰ
477 676 588 751 γὰρ
635 676 834 744 ἄνισός
882 680 1036 735 ἐστιν
1080 676 1115 750 ἡ
1155 676 1264 734 ὑπὸ
1307 681 1479 733 ΑΒΓ
1509 680 1687 748 γωνία
1725 681 1790 751 τῇ
1831 675 1941 732 ὑπὸ

246 772 442 836 ΔΕΖ,
492 770 591 838 μία
642 765 833 823 αὐτῶν
880 771 1080 838 μείζων
1128 769 1293 824 ἐστίν.
1365 771 1502 822 ἔστω
1536 770 1735 837 μείζων
1765 762 1799 837 ἡ
1831 763 1940 821 ὑπὸ

253 858 431 910 ΑΒΓ.
508 855 603 910 καὶ
649 853 967 910 συνεστάτω
1015 852 1154 927 πρὸς
1198 858 1266 927 τῇ
1315 861 1422 909 ΑΒ
1470 852 1669 927 εὐθείᾳ
1720 854 1813 909 καὶ
1867 858 1943 931 τῷ

255 942 392 1015 πρὸς
438 941 579 1016 αὐτῇ
627 947 834 1017 σημείῳ
882 945 959 1018 τῷ
1000 949 1047 998 Β
1087 946 1154 1016 τῇ
1193 940 1226 998 2‘
1237 942 1309 998 πὸ
1353 948 1520 998 ΔΕΖ
1558 948 1738 1018 γωνίᾳ
1778 951 1869 1014 ἴση
1909 941 1943 1014 ἡ

174 1045 227 1084 10
258 1030 368 1088 ὑπὸ
409 1036 598 1087 ΑΒΗ.

360 1120 476 1175 Καὶ
525 1121 641 1176 ἐπεὶ
689 1127 781 1192 ἴση
830 1120 981 1177 ἐστὶν
1027 1117 1062 1191 ἡ
1113 1119 1215 1192 μὲν
1257 1128 1310 1175 Α
1347 1124 1526 1191 γωνία
1570 1124 1635 1194 τῇ
1678 1127 1758 1192 Δ,
1805 1118 1839 1192 ἡ
1881 1120 1943 1176 δὲ

250 1206 362 1264 ὑπὸ
414 1212 587 1264 ΑΒΗ
624 1211 690 1281 τῇ
736 1206 846 1264 ὑπὸ
897 1215 1089 1279 ΔΕΖ,
1142 1207 1309 1281 λοιπὴ
1364 1208 1477 1282 ἄρα
1530 1207 1565 1281 ἡ
1613 1207 1723 1266 ὑπὸ
1773 1215 1946 1265 ΑΗΒ

251 1300 416 1370 λοιπῇ
464 1300 530 1370 τῇ
579 1294 688 1353 ὑπὸ
730 1303 785 1351 Δ
796 1303 904 1352 ΖΕ
947 1298 1096 1353 ἐστιν
1137 1304 1244 1369 ἴση.
1335 1298 1637 1368 ἰσογώνιον
1683 1294 1794 1369 ἄρα
1833 1297 1946 1353 ἐστὶ

254 1384 317 1441 τὸ
351 1391 537 1441 ΑΒΗ
565 1390 843 1457 τρίγωνον
882 1388 957 1462 τῷ
995 1392 1163 1441 ΔΕΖ
1195 1385 1464 1462 τριγώνῳ.
1535 1389 1686 1441 ἔστιν
1725 1383 1834 1457 ἄρα
1875 1384 1949 1452 ὡς

167 1471 290 1545 15ἡ
338 1480 447 1530 ΑΒ
495 1473 634 1547 πρὸς
681 1473 786 1546 τὴν
831 1480 970 1544 ΒΗ,
1026 1472 1207 1541 οὕτως
1252 1472 1286 1546 ἡ
1336 1480 1454 1530 ΔΕ
1494 1472 1634 1546 πρὸς
1686 1473 1789 1546 τὴν
1831 1481 1947 1530 ΕΖ.

258 1559 333 1628 ὡς
371 1562 434 1618 δὲ
473 1559 507 1633 ῆ
550 1568 665 1618 ΔΕ
698 1561 837 1635 πρὸς
874 1561 977 1634 τὴν
1027 1569 1150 1634 ΕΖ,
1193 1560 1415 1631 [οὕτως]
1457 1560 1739 1618 ὑπόκειται
1773 1560 1807 1635 ἡ
1840 1569 1948 1619 ΑΒ

255 1648 395 1723 πρὸς
440 1648 543 1722 τὴν
590 1654 709 1706 ΒΓ·
758 1647 792 1721 ἡ
841 1656 950 1705 ΑΒ
1001 1648 1114 1720 ἄρα
1159 1649 1300 1723 πρὸς
1346 1651 1610 1722 ἑκατέραν
1664 1654 1778 1707 τῶν
1827 1657 1948 1723 ΒΓ,

247 1744 377 1800 ,ΒΗ
415 1737 516 1794 τὸν
563 1736 738 1795 αὐτὸν
786 1742 895 1811 ἔχει
948 1738 1144 1811 λόγον·
1198 1747 1288 1811 ἴση
1338 1738 1446 1813 ἄρα
1493 1737 1526 1811 ἡ
1569 1745 1678 1795 ΒΓ
1710 1745 1774 1813 τῇ
1823 1746 1950 1796 ΒΗ.

248 1826 397 1895 ,ὥστε
443 1827 536 1883 καὶ
582 1831 760 1899 γωνία
806 1825 840 1899 ἡ
890 1827 1029 1900 πρὸς
1074 1831 1150 1905 τῷ
1199 1833 1253 1884 Γ
1291 1833 1470 1903 γωνίᾳ
1515 1832 1581 1901 τῇ
1629 1826 1740 1885 ὑπὸ
1781 1833 1958 1885 ΒΗΓ

171 1929 229 1969 20
262 1919 411 1973 ἐστιν
459 1924 567 1987 ἴση.
652 1916 896 1973 ἐλάττων
952 1916 1015 1973 δὲ
1071 1914 1252 1989 ὀρθῆς
1296 1915 1581 1973 ὑπόκειται
1621 1914 1655 1987 ἡ
1694 1916 1834 1988 πρὸς
1873 1921 1948 1994 τῷ

199 1994 206 1999 ’
260 2009 324 2060 Γ·
387 2003 632 2060 ἐλάττων
662 2003 773 2077 ἄρα
813 2005 964 2061 ἐστὶν
1006 2003 1184 2078 ὀρθῆς
1222 2006 1313 2061 καὶ
1352 2002 1386 2077 ἡ
1428 2003 1536 2061 ὑπὸ
1572 2010 1768 2060 ΒΗΓ·
1810 2004 1950 2062 ὥστε

256 2091 291 2165 ἡ
356 2094 552 2164 ἐφεξῆς
614 2091 753 2166 αὐτῇ
816 2097 995 2164 γωνία
1055 2091 1089 2165 ἡ
1152 2091 1262 2150 ὑπὸ
1315 2099 1491 2149 ΑΗΒ
1546 2097 1744 2165 μείζων
1800 2095 1950 2150 ἐστὶν

164 2235 170 2238 .
260 2178 454 2253 ὀρθῆς.
550 2182 642 2236 καὶ
709 2183 934 2254 ἐδείχθη
991 2189 1082 2253 ἴση
1141 2175 1285 2238 οὖσα
1337 2185 1403 2256 τῇ
1450 2180 1588 2255 πρὸς
1632 2185 1709 2258 τῷ
1753 2188 1818 2237 Ζ·
1858 2183 1949 2238 καὶ

259 2267 294 2339 ἡ
349 2269 489 2342 πρὸς
542 2273 617 2346 τῷ
668 2276 712 2325 Ζ
759 2269 868 2341 ἄρα
926 2276 1127 2342 μείζων
1182 2271 1334 2327 ἐστὶν
1383 2270 1574 2343 ὀρθῆς.
1651 2268 1950 2345 ιὑπόκειται

174 2371 230 2411 25
265 2357 327 2413 δὲ
389 2358 640 2413 ἐλάσσων
692 2357 902 2430 ὀρθῆς·
959 2357 1094 2430 ὅπερ
1136 2359 1304 2431 [ἐστὶν
1366 2357 1593 2415 ἄτοπον.
1681 2358 1783 2414 οὐκ
1841 2360 1950 2432 ἄρα

259 2446 456 2512 ἄνισός
507 2448 656 2502 ἐστιν
703 2445 738 2518 ἡ
786 2445 895 2503 ὑπὸ
938 2452 1110 2504 ΑΒΓ
1140 2452 1319 2519 γωνία
1368 2451 1434 2522 τῇ
1474 2446 1585 2504 ὑπὸ
1628 2453 1816 2503 ΔΕΖ·
1858 2456 1949 2520 ἴση

382 2599 421 2638 1.
449 2591 675 2639 §lanam
699 2595 747 2639 F.
864 2600 905 2640 2.
932 2592 1030 2641 ἔστι
1013 2612 1057 2639 ιν
1083 2596 1133 2651 P,
1160 2609 1309 2653 comp.
1335 2612 1379 2654 p.
1504 2601 1545 2641 3.
1572 2594 1722 2653 ἔσται]
1751 2592 1876 2641 ἐστίν
1899 2596 1949 2641 F.

323 2658 391 2697 10.
425 2654 590 2712 ΑΒΗ]
627 2657 678 2697 Η
703 2667 727 2698 e
760 2668 874 2699 corr.
907 2670 959 2712 p.
1101 2660 1169 2700 12.
1203 2656 1352 2712 γωνία
1386 2655 1441 2712 τῇ
1475 2654 1530 2700 V.
1678 2660 1747 2701 13.
1777 2655 1948 2726 λοιπῇ]

264 2726 404 2768 supra
436 2728 495 2757 m.
532 2718 555 2757 1
588 2713 639 2759 F.
792 2709 869 2758 ἐστ
847 2715 918 2772 τί]
940 2729 1112 2787 comp.
1136 2730 1186 2771 p3
1230 2700 1356 2759 ἐστίν
1386 2672 1484 2759 PF.
1639 2718 1709 2759 15.
1740 2730 1766 2758 τ
1767 2709 1844 2773 η’ν]
1877 2713 1951 2759 bis

265 2785 354 2816 om
395 2770 530 2829 BFp.
687 2777 753 2817 16.
796 2768 857 2824 ὡς
895 2771 984 2845 δέ]
1020 2770 1272 2818 υπόκειται
1304 2771 1356 2818 δὲ
1390 2773 1471 2818 καὶ
1503 2769 1565 2826 ὡς
1599 2772 1712 2844 Bp.
1842 2769 1988 2831 τήν]

264 2843 352 2874 om.
402 2829 539 2888 BFp.
694 2826 779 2876 οῧτ
781 2849 843 2883 ως
887 2828 1158 2903 ὑπόκειται]
1206 2828 1456 2877 ὑπόκειται
1500 2832 1610 2886 FV;
1656 2848 1803 2882 ουτως
1850 2831 1981 2889 Bp·.

264 2885 434 2934 ὑπόκει
420 2906 515 2934 ιται
563 2886 710 2942 οὕτως
755 2889 803 2937 Ρ.
936 2897 1005 2937 17.
1053 2887 1158 2950 τήν]
1209 2905 1297 2938 om.
1346 2891 1483 2949 BFp.
1554 2892 1665 2936 Post
1712 2894 1804 2935 ΒΓ
1844 2891 1979 2936 add.
