1988 3152
118 215 167 261 p.
209 199 333 259 268,
374 199 465 244 11:

369 346 462 393 14:

370 494 461 540 17:

372 568 459 615 19:

115 805 162 850 p.
205 789 327 851 270,
370 789 459 836 13:

372 864 464 911 18:

116 953 164 998 p.
206 937 329 997 272,
373 938 461 984 12:

367 1011 459 1059 20:

8 2695 13 2785 J
104 2726 151 2772 p.
194 2713 318 2775 278,
363 2715 451 2761 14:

787 74 1140 116 PRAEFATIO.
1753 74 1817 118 IX

505 189 531 245 5
579 197 640 243 Η
678 191 796 260 ἄρα]
847 194 953 245 ἐπεὶ
999 190 1025 246 5
1073 199 1133 244 Η
1172 191 1270 247 ὑπὸ
1315 199 1413 246 τῶν
1451 201 1518 261 Δ,
1550 201 1623 261 Ε,
1655 202 1696 247 Ζ
1736 217 1818 263 με-

573 273 774 334 τρεῖται,
813 263 840 320 5
878 272 939 317 Η
971 271 1017 320 b.

504 336 604 407 μή]
653 338 719 407 μὴ
767 338 794 393 5
840 346 901 392 Η
940 339 1185 409 ἐλάχιστος
1225 338 1296 394 ὧν
1344 343 1439 410 ἔχει
1478 341 1535 394 τὰ
1574 350 1644 408 A,
1677 349 1742 409 B,
1775 349 1823 395 Γ

577 414 697 481 μέρη
737 418 784 467 b·

502 489 664 557 μέρεσι
701 492 749 541 b.

500 562 622 628 τῶν]
664 582 760 615 om.
800 566 846 615 b.

890 692 1040 748 VIII.

501 790 683 837 τῶν-
708 790 797 836 14;
837 783 1040 851 πλήθει]
1083 805 1178 838 om.
1217 789 1299 852 bq.

506 861 882 926 μείζων-19ε
923 856 951 911 ὅ
989 860 1062 925 τε]
1105 878 1200 912 om.
1233 864 1314 927 bq.

502 933 745 1000 τέσσαρες]
786 939 832 983 Δ
871 936 917 984 b.

499 1008 650 1073 ἔστιν]
701 1004 915 1076 ἀριθμὸς
962 1004 1024 1073 δὴ
1073 1004 1100 1060 5
1139 1014 1190 1060 A
1238 1004 1332 1061 δύο
1370 1007 1485 1072 τοὺς
1522 1015 1588 1076 A,
1621 1015 1662 1062 Β
1700 1017 1814 1063 πολ-

574 1076 909 1143 λαπλασιάσας
937 1079 1052 1143 τοὺς
1083 1087 1140 1147 Γ,
1173 1087 1219 1133 Δ
1248 1087 1538 1149 πεποίηκεν·
1580 1085 1707 1136 ἔστιν
1733 1089 1811 1150 bq.

444 1177 455 1206 :
495 1153 615 1222 ἄρα]
657 1175 749 1208 om.
791 1159 834 1208 b.

444 1251 454 1280 ε
497 1229 607 1297 μέν]
649 1249 744 1281 om.
783 1233 867 1296 bq.

110 1323 157 1368 p.
199 1308 320 1368 274,
402 1309 455 1355 2:

443 1399 454 1429 :
494 1375 520 1430 5
561 1379 636 1443 A]
679 1376 835 1440 οὕτως
875 1374 901 1430 5
940 1383 987 1429 A
1024 1382 1104 1444 bq.

443 1473 454 1502 ε
494 1450 824 1514 πολλασιάσας
867 1456 913 1504 b.

440 1548 451 1577 :
492 1523 519 1578 5
559 1527 628 1591 Ζ]
671 1524 828 1589 οὕτως
867 1523 893 1580 5
932 1533 974 1578 Ζ
1012 1531 1094 1594 bq.

440 1622 451 1651 :
492 1596 517 1652 5
557 1601 639 1665 H]
681 1598 836 1663 οὕτως
876 1598 902 1654 5
942 1606 1002 1652 Η
1033 1606 1114 1668 bq.

440 1696 450 1726 ε
492 1671 517 1726 5
556 1675 635 1740 A]
677 1672 833 1738 οὕτως
871 1672 898 1728 5
936 1682 987 1727 A
1025 1680 1107 1742 bq.

441 1771 451 1799 :
493 1746 634 1814 ἀλλ’]
677 1749 876 1817 ἐδείχθη
918 1750 972 1802 δὲ
1010 1753 1098 1802 καί
1132 1755 1215 1817 bq.

438 1844 449 1873 ε
491 1825 585 1874 εἰσί
620 1843 666 1888 q.

497 1301 522 1355 5
562 1305 631 1369 Γ]
673 1301 830 1367 οὕτως
869 1300 895 1357 5
934 1308 985 1354 Γ
1015 1307 1094 1370 bq.

490 1899 541 1949 οἱ
574 1902 639 1962 A,
672 1903 714 1948 B
735 1927 797 1933 —
821 1903 913 1949 24:
947 1900 1091 1965 εἰσίν]
1127 1919 1279 1966 supra
1311 1919 1403 1953 sol.
1438 1921 1500 1953 m.
1539 1907 1565 1953 1
1594 1897 1807 1972 (1(εἰσί).

442 1992 452 2021 :
495 1970 548 2022 δὲ
586 1972 708 2037 τῶν]
751 1971 805 2023 δὲ
843 1970 929 2025 τὸν
967 1977 1050 2038 bq.

106 2062 152 2107 p.
195 2047 318 2108 276,
400 2049 453 2095 3:

442 2139 453 2169 :
493 2118 739 2185 τέσσαρες]
782 2121 812 2170 δ
850 2139 896 2185 q.

440 2213 450 2242 ε
493 2188 600 2262 ἐάν]
645 2211 796 2258 supra
835 2213 927 2247 ser.
967 2214 1030 2246 m.
1075 2201 1102 2246 1
1146 2199 1192 2247 b.

105 2284 151 2329 p.
192 2269 313 2330 278,
395 2271 448 2317 1:

493 2045 617 2109 τοῖς]
659 2064 783 2097 corr.
825 2064 886 2096 ex
924 2044 1091 2109 αὐτοῖς
1130 2067 1195 2100 m.
1241 2054 1267 2099 1
1311 2068 1356 2114 q.

488 2266 571 2317 καὶ
610 2266 802 2318 ἐπεί-
826 2273 881 2319 3:
898 2266 1109 2362 Ηὲαυτὸν
1149 2269 1260 2338 μέν]
1301 2273 1353 2323 οἱ
1387 2268 1483 2338 ἄρα
1529 2269 1672 2340 ἄκροι
1721 2271 1806 2325 αὖ·

563 2345 661 2392 τῶν
700 2344 752 2393 οἰ
786 2347 858 2406 Λ,
890 2341 938 2398 Ξ
975 2348 1160 2411 πρῶτοι
1209 2342 1334 2412 πρὸς
1380 2340 1623 2412 ἀλλήλους
1670 2349 1804 2399 εἰσίν.

562 2415 667 2467 ἐπεὶ
705 2412 798 2483 γὰρ
838 2418 889 2468 οἱ
924 2422 995 2482 Ε,
1028 2423 1069 2468 Ζ
1107 2423 1314 2486 πρῶτοι,
1363 2418 1587 2489 ἑκάτερος
1627 2421 1680 2473 δὲ
1721 2419 1803 2473 αὖ·

562 2494 661 2540 τῶν
701 2485 879 2542 ἔαυτόν
916 2494 997 2557 bq.

437 2583 447 2612 :
489 2563 599 2628 καί]
642 2582 735 2615 om.
778 2568 858 2630 bq.

488 2636 569 2687 καὶ
609 2639 744 2689 οἰ-
766 2644 820 2690 7.
859 2639 1004 2704 εἰσίν]
1045 2644 1228 2707 πρῶτοι
1266 2641 1349 2693 καὶ
1389 2643 1441 2694 οἱ
1467 2648 1535 2708 Λ,
1567 2642 1614 2699 Ξ
1647 2649 1725 2710 bq.

493 2711 637 2776 εἰσιν]
679 2712 787 2764 ἐπεί
821 2716 901 2778 bq.

488 2781 750 2852 ἀλλήλους]
799 2784 1042 2854 ἀλλήλους
1089 2789 1231 2853 εἰσίν,
1289 2791 1395 2853 ἴσος
1443 2789 1496 2842 δὲ
1542 2787 1567 2842 5
1616 2791 1706 2858 μὲν
1752 2799 1804 2843 Λ

564 2864 739 2929 τῷΑ,
782 2857 1289 2933 ὃδὲΞτῷΔῦᾳ.
