1988 3152
245 173 354 226 310
875 176 1212 219 ΣΤΟΙΧΕΙΩΝ
1242 173 1308 232 η’.

347 289 579 363 Ὁμοίως
627 291 695 363 δὴ
737 303 854 358 τοῖς
892 291 1078 348 ἐπάνω
1120 294 1393 365 δείξομεν,
1443 294 1528 351 ὅτι
1568 297 1626 350 οἱ
1663 302 1741 366 A,
1775 301 1850 365 A,
1882 302 1935 351 Ε

242 381 335 441 καὶ
377 382 435 435 oc
471 386 545 450 Η,
580 386 663 450 M,
694 386 770 451 N,
803 387 851 436 Θ
889 381 1014 452 ἑξῆς
1052 384 1195 437 εἰσιν
1227 380 1514 453 ἀνάλογον
1547 384 1608 438 ἐν
1638 387 1714 458 τῷ
1746 388 1847 440 τοῦ
1881 392 1933 439 Α

244 469 384 540 πρὸς
421 466 522 524 τὸν
560 473 607 522 Β
646 467 814 544 λόγῳ,
853 469 946 524 καὶ
987 474 1065 525 ἔτι
1098 473 1155 526 οἱ
1185 477 1250 540 Ε,
1283 472 1346 541 Ξ,
1380 477 1426 525 Ζ
1455 472 1548 526 καὶ
1580 475 1639 528 οἱ
1665 479 1729 543 Θ,
1766 478 1830 543 Ο,
1862 479 1933 543 Π,

245 563 303 611 Κ
355 557 477 628 ἑξῆς
532 559 677 612 εἰσιν
732 555 1016 628 ἀνάλογον
1070 559 1130 613 ἐν
1183 561 1260 634 τῷ
1313 561 1418 614 τοῦ
1461 565 1508 614 Β
1555 559 1695 632 πρὸς
1739 561 1841 616 τὸν
1889 566 1942 616 Γ

188 656 215 696 ὅ
247 644 413 720 λόγῳ.
488 649 588 700 καί
637 647 788 702 ἐστιν
835 644 908 712 ὡς
956 646 985 702 6
1035 654 1088 702 A
1132 645 1271 719 πρὸς
1314 648 1417 702 τὸν
1463 653 1536 716 Β,
1592 647 1769 715 οὕτως
1808 649 1836 705 6
1887 656 1933 705 Β

245 732 386 802 πρὸς
423 731 525 789 τὸν
564 739 632 789 Γ·
670 734 763 789 καὶ
804 737 862 790 οἱ
899 742 971 806 A,
1005 740 1074 804 A,
1107 741 1160 790 Ε
1195 733 1303 805 ἄρα
1341 746 1458 800 τοῖς
1496 741 1562 806 Ε,
1593 739 1656 807 Ξ,
1690 743 1734 792 Ζ
1766 740 1827 793 ἐν
1858 742 1933 813 τῷ

247 819 396 897 αὐτῷ
431 821 579 897 λόγῳ
621 823 727 878 εἰσὶ
767 823 859 879 καὶ
893 828 971 878 ἔτι
1008 826 1067 879 οἱ
1101 829 1183 893 Η,
1221 829 1305 894 Μ,
1337 829 1412 894 Ν,
1445 830 1493 879 Θ
1521 836 1638 890 τοῖς
1668 831 1729 894 Θ,
1764 831 1828 896 0,
1861 833 1934 897 Π,

245 915 314 966 K.
390 916 489 965 καί
525 911 676 966 ἐστιν
717 917 843 967 ἴσον
881 910 945 967 τὸ
1000 911 1102 983 μὲν
1141 914 1253 967 τῶν
1294 918 1374 982 A,
1409 918 1484 982 A,
1517 919 1571 967 Ε
1603 917 1821 985 πλῆθος
1858 919 1934 991 τῷ

244 1001 359 1054 τῶν
399 1004 466 1068 Ε,
492 1000 556 1067 Ξ,
582 1004 627 1053 Ζ
665 998 894 1070 πλήθει,
935 999 998 1056 τὸ
1041 999 1103 1055 δὲ
1141 1004 1256 1056 τῶν
1294 1006 1369 1070 Η,
1402 1003 1483 1071 Μ,
1516 1007 1592 1071 Ν,
1624 1008 1671 1057 Θ
1707 1006 1783 1077 τῷ
1823 1007 1936 1059 τῶν

159 1098 214 1138 10
247 1093 312 1157 Θ,
339 1093 405 1157 Ο,
430 1093 505 1158 Π,
531 1092 607 1143 Κ·
650 1085 726 1143 δι’
771 1095 899 1144 ἴσου
937 1087 1047 1160 ἄρα
1087 1087 1239 1144 ἐστὶν
1272 1085 1346 1154 ὡς
1384 1088 1486 1160 μὲν
1519 1088 1546 1144 (ἶ
1583 1097 1639 1144 A
1667 1089 1806 1161 πρὸς
1836 1090 1936 1147 τὸν

246 1183 320 1245 Ε,
362 1173 540 1241 οὕτως
580 1175 610 1232 6
652 1183 705 1231 Ε
740 1176 881 1249 πρὸς
917 1175 1020 1233 τὸν
1061 1183 1123 1245 Ζ,
1164 1200 1240 1243 ως
1279 1177 1342 1233 δὲ
1381 1176 1411 1233 6
1455 1183 1519 1233 Η
1556 1176 1694 1250 πρὸς
1731 1177 1832 1235 τὸν
1870 1186 1935 1250 Θ,

247 1264 426 1331 οὕτως
466 1264 495 1321 6
537 1270 585 1319 Θ
622 1263 762 1337 πρὸς
799 1265 901 1321 τὸν
940 1271 1016 1321 Κ·
1057 1266 1192 1337 ὅπερ
1232 1269 1344 1321 ἔδει
1386 1267 1575 1332 δεῖξαι.

1044 1442 1138 1499 ιδ’.

356 1542 504 1600 Ἐὰν
557 1545 972 1618 τετράγωνος
1017 1546 1436 1617 τετράγωνον
1477 1550 1702 1619 μετρῇ,
1748 1547 1854 1602 καὶ
1903 1571 1937 1619 η

161 1644 214 1685 15
248 1632 495 1706 πλευρὰ
536 1632 653 1706 τὴν
691 1633 983 1707 πλευρὰν
1024 1634 1353 1707 μετρήσει·
1392 1635 1500 1690 καὶ
1535 1633 1649 1690 ἐὰν
1679 1634 1714 1706 ἡ
1747 1641 1939 1691 πλευ-

248 1720 325 1792 ρὰ
366 1720 486 1793 τὴν
523 1721 817 1794 πλευρὰν
865 1726 1089 1796 μετρῇ,
1136 1724 1243 1780 καὶ
1292 1723 1322 1780 6
1369 1723 1779 1797 τετράγωνος
1824 1723 1940 1780 τὸν

247 1810 667 1883 τετράγωνον
707 1810 1031 1883 μετρήσει.

345 1899 637 1956 ’Έστωσαν
690 1898 1028 1972 τετράγωνοι
1083 1897 1319 1971 ἀριθμοὶ
1369 1902 1426 1956 οἱ
1470 1908 1546 1971 A,
1579 1906 1651 1971 Β,
1706 1901 1938 1973 πλευραὶ

250 1987 312 2043 δὲ
352 1989 540 2044 αὐτῶν
582 1992 829 2044 ἔστωσαν
870 1990 928 2043 οἷ
963 1993 1026 2059 Γ,
1053 1995 1123 2057 A,
1165 1985 1194 2043 6
1237 1989 1298 2044 δὲ
1340 1996 1391 2045 A
1427 1987 1527 2045 τὸν
1566 1995 1613 2044 Β
1653 1993 1938 2061 μετρείτω·

161 2088 219 2129 20
250 2078 411 2148 λέγω,
454 2077 539 2133 ὅτι
579 2077 670 2132 καὶ
714 2076 743 2133 6
785 2082 839 2132 Γ
868 2076 970 2133 τὸν
1011 2084 1066 2132 A
1104 2087 1303 2149 μετρεῖ.

354 2164 413 2221 Ὁ
459 2171 513 2221 Γ
555 2163 661 2238 γάρ
701 2164 802 2221 τὸν
843 2172 899 2220 A
935 2164 1424 2232 πολλαπλασιάσας
1469 2164 1570 2221 τὸν
1610 2172 1663 2221 Ε
1697 2170 1941 2222 ποιείτω·

251 2257 309 2311 οἱ
352 2263 431 2325 Α,
462 2260 534 2327 Ε,
574 2260 614 2310 Β
666 2253 776 2325 ἄρα
826 2254 949 2325 ἑξῆς
995 2251 1282 2325 ἀνάλογόν
1337 2258 1480 2310 εἰσιν
1527 2256 1588 2310 ἐν
1634 2257 1710 2329 τῷ
1758 2258 1858 2310 τοῦ
1898 2258 1950 2310 Γ

251 2343 391 2416 πρὸς
429 2341 530 2399 τὸν
571 2351 626 2399 A
665 2343 829 2419 λόγῳ.
905 2343 997 2397 καὶ
1039 2343 1152 2399 ἐπεὶ
1195 2345 1252 2399 οἱ
1288 2350 1358 2414 Α,
1392 2350 1457 2413 Ε,
1490 2349 1536 2398 Β
1580 2345 1701 2414 ἑξῆς
1740 2341 1943 2399 ἀνάλο-

377 2541 415 2581 1.
448 2541 508 2593 Λ,
542 2537 610 2595 Ε]
646 2550 669 2580 e
704 2551 819 2581 corr.
852 2536 908 2581 V.
1063 2541 1103 2580 2.
1138 2536 1213 2594 N]
1249 2549 1273 2580 e
1307 2548 1420 2580 corr.
1453 2534 1517 2589 V;
1552 2549 1692 2592 supra
1731 2550 1792 2579 m.
1833 2540 1859 2578 2
1891 2534 1943 2590 Β,

253 2596 316 2641 id.
341 2610 434 2666 mg.
460 2610 520 2639 m.
548 2600 593 2639 2:
630 2596 708 2639 καὶ
735 2593 784 2640 οἷ
805 2598 865 2650 Η,
892 2599 958 2652 Μ,
985 2597 1047 2651 Ν,
1075 2596 1128 2638 Θ.
1238 2600 1292 2666 ἱ3.
1326 2594 1394 2711 B}
1420 2596 1455 2637 Z
1478 2610 1527 2650 φ.
1650 2591 1800 2652 λόγῳ]
1828 2607 1942 2638 corr.

256 2669 311 2699 ex
344 2657 484 2711 λογον
517 2671 567 2710 φ.
692 2660 732 2699 5.
765 2654 850 2699 καί
881 2650 1006 2699 ἐστιν
1032 2679 1087 2686 -
1114 2660 1163 2699 6:
1203 2670 1286 2697 τον
1328 2657 1372 2697 Γ
1435 2668 1528 2710 mg.
1569 2669 1620 2709 φ.
1744 2659 1782 2698 7.
1825 2652 1943 2697 εἰσίν

255 2714 354 2758 ΡΒ.
507 2717 550 2758 8.
582 2714 703 2772 τῶν]
737 2727 825 2758 om.
859 2713 911 2759 P.
1061 2716 1115 2769 Δ,
1150 2713 1219 2772 Ε]
1252 2726 1277 2756 e
1310 2726 1423 2757 corr.
1458 2712 1512 2756 V.
1660 2716 1728 2757 10.
1762 2711 1843 2755 καὶ
1875 2706 1942 2756 δι’

257 2774 361 2817 ἴσου
393 2771 443 2817 Ρ.
567 2770 654 2829 μὲν
696 2770 748 2830 ὁ]
792 2769 817 2816 ὁ
859 2771 944 2827 μέν
984 2772 1134 2828 Bth.
1260 2775 1328 2815 14.
1361 2771 1474 2814 Post
1519 2767 1808 2827 τετράγωνος
1838 2769 1943 2816 add.

257 2827 468 2889 ἀριθμός
508 2846 649 2888 supra
688 2847 748 2875 m.
794 2837 816 2875 1
858 2831 896 2874 Β
922 2848 980 2887 φ,
1020 2846 1080 2874 m.
1121 2836 1147 2874 2
1189 2831 1243 2875 V.
1314 2830 1463 2886 Supra
1507 2828 1801 2886 τετράγωνον
1839 2829 1945 2874 add.

257 2886 472 2949 ἄρμθμόν
503 2889 542 2934 Β
574 2905 635 2936 m.
671 2896 710 2937 2.
837 2894 907 2936 18.
939 2887 1119 2947 πλευρά
1152 2907 1201 2946 φ.
1325 2894 1395 2934 23.
1428 2886 1579 2949 λόγῳ]
1620 2903 1733 2934 corr.
1776 2903 1831 2934 ex
1870 2885 1947 2933 λό-

257 2966 342 3007 γον
375 2966 426 3007 φ.
