1988 3152
136 1020 190 1059 10

136 1461 187 1500 15

133 1904 189 1945 20

224 87 334 141 382
850 88 1184 132 ΣΤοΙΧΕΙΩΝ
1212 85 1284 133 θ’.

225 206 520 262 δυνατόν
577 208 754 261 ἐστιν
796 203 1026 271 αὐτοῖς
1064 210 1291 276 τρίτον
1331 205 1672 278 ἀνάλογον
1718 225 1915 278 προσ·

225 305 464 364 ευρεῖν.

320 381 611 437 ’Έστωσαν
660 384 719 437 oc
761 383 1026 447 δοθέντες
1073 382 1178 437 δύο
1226 380 1460 454 ἀριθμοὶ
1509 386 1567 439 οἱ
1609 393 1679 454 A,
1711 392 1785 456 B,
1825 386 1917 440 καὶ

225 471 355 525 δέον
413 474 551 525 ἔστω
615 472 1047 540 ἐπισκέψασθαι,
1110 474 1161 525 εἰ
1222 471 1468 527 δυνατόν
1522 475 1672 528 ἐστιν
1726 471 1916 540 αὐτοῖς

227 563 414 629 τρίτον
456 557 738 630 ἀνάλογον
777 570 1126 631 προσευρεῖν.

338 649 413 701 015
448 649 517 718 δὴ
558 653 638 717 A,
670 654 716 702 Β
764 647 889 719 ἤτοι
928 651 1140 719 πρῶτοι
1177 649 1318 719 πρὸς
1366 647 1641 719 ἀλλήλους
1687 650 1831 705 εἰσὶν
1878 646 1915 721 ἢ

225 733 308 790 οὔ.
370 736 463 790 καὶ
496 739 547 791 εἰ
577 739 787 807 πρῶτοι
819 739 960 806 πρὸς
992 734 1267 806 ἀλλήλους
1299 739 1460 806 εἰσίν,
1496 738 1788 808 δέδεικται,
1830 736 1916 794 ὅτι

223 821 513 879 ἀδύνατόν
561 827 711 879 ἐστιν
766 823 957 889 αὐτοῖς
1003 829 1191 895 τρίτον
1239 822 1523 895 ἀνάλογον
1568 838 1918 897 προσευρεῖν.

329 910 494 967 Ἀλλὰ
535 915 603 984 δὴ
645 915 719 984 μὴ
761 917 1009 969 ἔστωσαν
1049 915 1109 968 οἱ
1143 921 1220 983 A,
1253 918 1300 967 Β
1339 916 1549 986 πρῶτοι
1587 917 1726 987 πρὸς
1758 912 1918 986 ἀλλή-

222 1006 379 1071 λους,
433 1001 527 1056 καὶ
583 999 612 1057 6
669 1008 716 1056 Β
765 1003 967 1058 ἑαυτὸν
1019 1002 1507 1067 πολλαπλασιάσας
1552 1004 1652 1057 τὸν
1699 1008 1752 1058 Γ
1798 1023 1918 1058 ποι-

222 1093 362 1145 είτω.
441 1087 470 1145 6
524 1098 577 1144 A
624 1092 692 1160 δὴ
742 1093 844 1146 τὸν
891 1095 946 1145 Γ
984 1089 1108 1161 ἤτοι
1156 1101 1344 1160 μετρεῖ
1379 1087 1412 1160 ἢ
1457 1089 1525 1146 οὐ
1565 1103 1762 1162 μετρεῖ.
1826 1113 1917 1163 με-

220 1182 413 1249 τρείτω
446 1178 721 1251 πρότερον
760 1181 897 1234 κατὰ
939 1181 1041 1234 τὸν
1082 1186 1157 1233 A·
1200 1176 1228 1233 6
1270 1186 1323 1233 A
1355 1177 1463 1251 ἄρα
1494 1181 1596 1234 τὸν
1629 1186 1684 1233 A
1715 1185 1918 1235 πολλα-

220 1264 534 1331 πλασιάσας
589 1268 689 1322 τὸν
751 1272 805 1322 Γ
857 1272 1173 1338 πεποίηκεν.
1248 1265 1388 1322 ἀλλὰ
1444 1270 1556 1338 μὴν
1618 1268 1710 1323 καὶ
1773 1267 1802 1323 6
1867 1273 1915 1322 Β

222 1354 424 1409 ἑαυτὸν
470 1355 962 1421 πολλαπλασιάσας
1006 1357 1107 1411 τὸν
1153 1361 1207 1411 Γ
1245 1360 1569 1427 πεποίηκεν·
1621 1355 1649 1412 6
1700 1355 1810 1429 ἄρα
1859 1359 1918 1412 ἐκ

220 1444 334 1497 τῶν
389 1450 468 1513 A,
503 1450 558 1498 A
605 1451 724 1508 ἴσος
772 1443 886 1498 ἐστὶ
931 1446 1006 1518 τῷ
1054 1440 1162 1499 ἀπὸ
1210 1447 1311 1498 τοῦ
1358 1450 1421 1499 Β.
1486 1448 1636 1499 ἔστιν
1687 1443 1796 1516 ἄρα
1845 1444 1918 1510 ὡς

223 1527 251 1586 6
302 1537 355 1585 A
401 1533 543 1603 πρὸς
587 1534 689 1587 τὸν
734 1537 807 1601 Β,
857 1530 885 1586 6
929 1538 975 1586 Β
1015 1534 1154 1604 πρὸς
1191 1533 1294 1587 τὸν
1335 1538 1410 1586 A·
1457 1543 1574 1597 τοῖς
1613 1540 1689 1602 A,
1723 1539 1768 1587 Β
1810 1531 1918 1603 ἄρα

222 1622 404 1691 τρίτος
444 1617 690 1692 άριθμός
729 1618 1016 1691 ἀνάλογον
1055 1619 1440 1693 προσηύρηται
1494 1618 1522 1676 6
1566 1627 1635 1677 A.

329 1705 490 1763 ’Λλλὰ
534 1711 603 1780 δὴ
644 1711 718 1780 μὴ
760 1713 1020 1781 μετρείτω
1063 1709 1092 1764 6
1135 1717 1187 1764 A
1224 1711 1326 1764 τὸν
1367 1714 1431 1764 Γ·
1472 1710 1640 1780 λέγω,
1681 1707 1765 1765 ὅτι
1803 1721 1919 1776 τοῖς

222 1804 299 1867 A,
341 1802 388 1851 Β
452 1794 739 1853 ἀδύνατόν
802 1799 916 1853 ἐστι
977 1802 1167 1869 τρίτον
1229 1796 1514 1869 ἀνάλογον
1584 1809 1918 1870 προσευρεῖν

221 1883 488 1957 ἀριθμόν.
568 1889 619 1941 εἰ
671 1888 779 1959 γὰρ
837 1886 1107 1957 δυνατόν,
1169 1885 1590 1959 προσηυρήσθω
1648 1886 1677 1942 6
1734 1895 1806 1944 A.
1884 1909 1912 1942 ο

221 1971 332 2046 ἄρα
388 1977 446 2030 ἐκ
500 1977 614 2030 τῶν
665 1982 742 2046 A,
774 1980 830 2029 A
885 1981 1004 2040 ἴσος
1058 1975 1173 2030 ἐστὶ
1219 1978 1294 2051 τῷ
1344 1973 1452 2031 άπὸ
1500 1978 1602 2030 τοῦ
1650 1981 1711 2030 Β.
1775 1975 1805 2031 6
1855 1974 1918 2031 δὲ

131 2109 137 2111 -
221 2061 329 2118 ἀπὸ
369 2066 472 2119 τοῦ
512 2069 559 2118 Β
601 2065 750 2119 ἐστιν
792 2063 821 2119 6
863 2069 928 2119 Γ·
973 2061 1002 2119 6
1045 2061 1152 2136 ἄρα
1194 2065 1252 2119 ἐκ
1290 2067 1403 2119 τῶν
1443 2071 1520 2134 A,
1555 2070 1610 2119 A
1649 2070 1769 2129 ἴσος
1802 2063 1917 2119 ἐστὶ

131 2346 188 2388 25

220 2155 296 2227 τῷ
337 2157 396 2207 Γ.
470 2149 609 2209 ὥστε
650 2152 680 2208 6
729 2160 781 2207 A
826 2155 925 2208 τὸν
977 2159 1031 2207 A
1077 2151 1566 2218 πολλαπλασιάσας
1603 2155 1702 2208 τὸν
1744 2157 1797 2208 Γ
1827 2173 1916 2208 πε-

220 2245 474 2312 ποίηκεν·
525 2239 555 2297 6
602 2249 655 2296 A
701 2240 810 2314 ἄρα
858 2243 958 2296 τὸν
998 2246 1051 2296 Γ
1089 2253 1278 2313 μετρεῖ
1310 2240 1447 2297 κατὰ
1488 2243 1587 2297 τὸν
1627 2248 1695 2297 Δ.
1773 2239 1915 2297 ἀλλὰ

222 2330 334 2399 μὴν
397 2327 683 2386 ὑπόκειται
743 2330 836 2385 καὶ
890 2333 963 2402 μὴ
1021 2334 1259 2402 μετρῶν·
1323 2329 1457 2400 ὅπερ
1513 2328 1737 2386 ἄτοπον.
1810 2327 1914 2385 οὐκ

195 2414 331 2488 ,ἄρα
384 2417 629 2474 δυνατόν
681 2421 793 2474 ἐστι
832 2430 950 2483 τοῖς
989 2427 1066 2489 A,
1099 2425 1146 2474 Β
1192 2423 1381 2491 τρίτον
1421 2417 1708 2489 ἀνάλογον
1746 2435 1916 2490 προσ-

222 2517 406 2577 ευρεῖν
463 2504 737 2578 ἀριθμὸν,
794 2505 928 2562 ὅταν
985 2505 1014 2563 6
1062 2517 1112 2563 A
1157 2509 1256 2562 τὸν
1302 2512 1354 2562 Γ
1401 2529 1474 2578 μη
1532 2511 1725 2580 μετρῇ·
1780 2506 1915 2580 ὅπερ

225 2597 335 2649 ἔδει
377 2596 567 2660 δεῖξαι.

342 2747 383 2786 4.
417 2737 714 2797 ἐπισκέψασα
747 2759 782 2799 φ
815 2744 925 2800 (non
956 2743 1024 2798 F).
1147 2748 1187 2788 6.
1227 2741 1282 2788 δέ
1319 2760 1357 2815 φ
1390 2745 1501 2799 (non
1538 2744 1607 2817 F).
1697 2743 1912 2815 τπρῶτοι]

220 2802 384 2919 Ξὲἷςῖῗῗ
417 2801 668 2918 {33111233‘93
703 2800 977 2918 {225⁸}ssss
993 2801 1166 2906 P'Pss‘g‘ss
1191 2800 1444 2905 Sami?
1471 2800 1914 2921 {355⁸'if2'msseffvvfffi
