1988 3152
497 33 959 76 ELEROENTORUM
988 33 1170 74 LIBER
1199 33 1326 76 vm.
1651 31 1756 84 337

835 195 1004 250 XXV.

177 299 234 353 Si
281 301 386 354 duo
445 300 658 353 numeri
705 300 849 353 inter
896 317 952 352 se
998 301 1267 353 rationem
1314 299 1543 370 habeniz,
1598 318 1762 370 quam

65 389 235 442 cubus
275 407 530 441 numerus
571 389 639 441 ad
679 388 876 441 cubum
914 405 1215 459 numerum,
1255 391 1310 441 el:
1348 389 1552 458 primus
1593 390 1762 443 cubus

64 481 170 547 esiz,
209 478 375 530 etiam
415 477 678 530 secundus
718 477 885 530 cubus
929 477 1044 530 erit.

175 566 295 619 Duo
337 567 480 618 enim
518 566 728 618 numeri
765 570 826 634 A,
858 568 906 617 Β
937 566 1079 618 inter
1111 584 1168 618 se
1208 566 1477 619 rationem
1508 567 1764 637 habeant,

68 674 231 726 quam
287 656 455 708 cubus
501 673 757 707 numerus
806 656 860 707 Γ
901 653 968 706 ad
1014 655 1210 708 cubum
1257 673 1541 708 numerum
1590 663 1666 726 A,
1714 659 1769 710 et

64 745 231 798 cubus
280 745 353 796 sil,
391 748 459 796 A.
537 744 679 813 dico,
719 743 886 796 etiam
924 746 971 795 Β
1012 743 1210 797 cubum
1251 761 1384 796 esse.

174 852 304 886 nam
346 833 604 902 quoniam
642 835 703 901 Γ,
735 836 791 884 A
831 832 955 885 cubi
996 835 1136 900 sunt,
1174 834 1238 901 Γ,
1271 838 1327 884 A
1369 834 1571 887 similes
1604 835 1765 888 solidi

69 922 209 976 sunt.
296 923 481 991 i'caque
537 922 680 973 inter
734 923 800 989 Γ,
835 925 891 973 A
945 921 1050 973 duo
1108 921 1274 973 medii
1328 923 1764 991 proportionales

68 1012 487 1080 interponuntur
540 1010 753 1063 numeri
805 1011 975 1078 [prop.
1014 1009 1185 1077 XIXJ.
1280 1011 1391 1063 iam
1440 1014 1573 1081 quot
1626 1013 1768 1065 inter

63 1102 131 1169 Γ,
166 1104 221 1152 A
260 1099 552 1152 secundum
598 1100 1009 1167 proporlzionem
1050 1099 1366 1151 continuam
1414 1100 1766 1169 in'nerponun-

417 1249 467 1287 A1
1042 1246 1097 1288 Ει

417 1337 926 1377 31———-——1
1343 1338 1377 1378 Z

422 1426 476 1466 Γπ
749 1438 753 1467 ι
909 1393 1420 1423 Ῐῇ-ψι

423 1517 465 1555 A
477 1525 1146 1556 1———-——--—-1

1415 1260 1420 1290 1

69 1652 161 1701 tur
213 1650 449 1717 numeri,
509 1649 739 1702 totidem
795 1649 958 1701 etiam
1014 1650 1154 1700 inlzer
1209 1666 1323 1716 eos,
1388 1649 1482 1717 qui
1543 1648 1768 1702 eandem

72 1738 343 1791 rationem
389 1737 615 1806 habenss,
667 1738 1087 1806 interponuntur
1135 1739 1312 1806 [prop.
1351 1735 1526 1804 VIII].
1603 1756 1768 1808 quare

75 1828 241 1880 etiam
295 1827 437 1880 inter
475 1832 549 1894 A,
581 1830 628 1879 B
677 1827 781 1879 duo
829 1827 992 1879 medii
1027 1814 1482 1896 vproporlzionales
1530 1827 1772 1896 interpo-

76 1918 279 1968 nunlzur
329 1917 555 1970 numeri.
639 1917 1058 1984 interponantur
1108 1919 1178 1982 E,
1221 1919 1280 1967 Z.
1358 1915 1467 1967 iam
1515 1916 1773 1985 quoniam

72 2007 328 2074 quattuor
381 2006 591 2059 numeri
630 2010 705 2074 A,
740 2009 810 2073 Ε,
843 2009 910 2073 Ζ,
943 2008 990 2057 Β
1032 2004 1281 2072 deinceps
1329 1989 1769 2072 proportionales

74 2098 219 2162 sunt,
253 2097 308 2145 elz
333 2094 501 2147 cubus
535 2095 617 2145 essa
650 2097 715 2159 A,
749 2093 911 2145 etiam
944 2096 991 2145 Β
1017 2093 1184 2145 cubus
1211 2094 1293 2145 est
1330 2094 1505 2162 [prop.
1527 2093 1769 2164 XXIII];

76 2182 220 2252 quod
258 2186 376 2236 erat
415 2182 910 2236 demonslzrandum.

824 2343 1023 2399 XXVI.

187 2448 404 2503 Similes
452 2449 661 2503 numeri
707 2449 856 2518 plani
903 2449 1046 2502 inter
1094 2467 1149 2501 se
1198 2467 1317 2502 eam
1363 2449 1632 2502 rassionem
1680 2449 1771 2503 ha-

74 2538 221 2602 bent,
246 2557 407 2607 quam
433 2538 726 2607 quadratus
752 2555 1005 2590 numerus
1032 2537 1099 2590 ad
1125 2539 1447 2607 quadrarum
1471 2556 1770 2591 numerum.

189 2626 309 2680 Sint
358 2627 562 2680 similes
608 2627 820 2680 numeri
873 2626 1021 2695 plani
1067 2631 1134 2694 A,
1178 2630 1237 2681 Β.
1321 2627 1463 2696 dico,
1509 2632 1563 2679 A
1610 2627 1678 2680 ad
1724 2630 1773 2680 Β

78 2733 199 2769 eam
249 2716 516 2768 rationem
562 2714 786 2784 habere,
835 2733 997 2784 quam
1038 2715 1333 2784 quadratus
1373 2734 1628 2769 numerus
1679 2716 1774 2769 ha-

77 2805 207 2859 beat
246 2805 312 2858 ad
353 2804 674 2875 quadratum
714 2822 1015 2857 numerum.

166 2900 418 2943 Eucliden,
446 2900 528 2934 edd.
552 2901 723 2940 Heiberg
747 2902 783 2932 et
810 2899 958 2938 Monge.
1005 2899 1058 2931 11.
1449 2897 1504 2938 22
