1988 3152
127 1065 181 1104 10

126 1504 179 1545 15

122 1948 179 1988 20

120 2391 177 2433 25

218 140 329 193 254
849 143 1185 186 ΣΤοΙΧΕΙΩΝ
1216 142 1275 197 ζ’.

217 254 252 329 ἢ
295 257 380 314 οὔ.
441 262 493 313 εἰ
529 257 631 329 μὲν
671 252 778 314 οὖν
814 261 875 314 οἰ
909 266 980 329 A,
1019 265 1086 330 Β,
1125 265 1181 315 Γ
1209 264 1420 333 πρῶτοι
1457 260 1596 334 πρὸς
1634 260 1914 333 ἀλλήλους

218 350 388 416 εἰσίν,
438 347 720 418 ἐλάχιστοί
766 351 874 403 εἰσι
919 350 1036 404 τῶν
1079 347 1181 404 τὸν
1228 347 1402 405 αὐτὸν
1448 349 1620 421 λόγον
1668 349 1910 421 ἐχόντων

219 433 423 500 αὐτοῖς.

329 526 380 578 εἰ
418 522 481 578 δὲ
519 521 607 594 οὔ,
647 524 904 596 εἰλήφθω
942 527 1057 580 τῶν
1095 532 1168 594 Α,
1206 531 1272 595 Β,
1311 529 1365 579 Γ
1395 523 1459 580 τὸ
1498 526 1759 595 μέγιστον
1797 548 1911 582 κοι-

217 608 321 666 νὸν
360 611 564 684 μέτρον
606 609 636 668 ὁ
663 619 736 680 Δ,
774 613 867 667 καὶ
907 610 1102 679 ὁσάκις
1133 611 1163 668 ὁ
1188 619 1245 668 Δ
1277 614 1510 668 ἕκαστον
1541 616 1653 670 τῶν
1678 621 1749 684 A,
1774 621 1840 685 Β,
1867 619 1921 670 Γ

215 710 424 772 μετρεῖ,
471 703 737 756 τοσαῦται
775 701 1016 772 μονάδες
1053 705 1302 757 ἔστωσαν
1342 703 1403 757 ἐν
1443 701 1651 777 ἑκάστῳ
1690 706 1804 758 τῶν
1845 709 1911 773 Ε,

216 794 280 859 Ζ,
319 792 392 843 Η.
474 789 568 843 καὶ
615 789 842 854 ἕκαστος
887 788 998 862 ἄρα
1035 791 1150 846 τῶν
1189 796 1263 859 Ε,
1305 795 1376 859 Ζ,
1416 795 1479 844 Η
1521 791 1752 846 ἕκαστον
1799 793 1912 847 τῶν

214 883 293 945 A,
331 882 406 945 Β,
446 881 500 931 Γ
537 887 725 949 μετρεῖ
766 875 903 932 κατὰ
949 875 1048 941 τὰς
1094 879 1155 932 ἐν
1201 880 1276 953 τῷ
1318 884 1374 932 Δ
1412 878 1677 948 μονάδας.
1749 880 1806 934 οἱ
1844 885 1910 949 Ε,

215 971 279 1034 Ζ,
310 970 376 1019 Η
407 963 516 1037 ἄρα
554 963 687 1030 τοὺς
717 972 789 1034 A,
821 971 887 1034 Β,
919 970 972 1020 Γ
1005 965 1188 1029 ἰσάκις
1219 968 1541 1036 μετροῦσιν·
1584 967 1642 1020 οἱ
1670 972 1737 1036 Ε,
1763 973 1827 1037 Ζ,
1852 971 1918 1021 Η

214 1051 323 1125 ἄρα
361 1064 479 1117 τοῖς
510 1060 581 1123 A,
621 1059 687 1123 Β,
728 1057 782 1107 Γ
813 1055 876 1108 ἐν
914 1055 990 1128 τῷ
1032 1050 1182 1128 αὐτῷ
1223 1053 1371 1128 λόγῳ
1413 1057 1571 1109 εἰσίν.
1634 1055 1776 1125 λέγω
1819 1056 1910 1125 δή,

215 1139 300 1196 ὅτι
346 1142 439 1195 καὶ
480 1141 774 1212 ἐλάχιστοι.
851 1145 902 1196 εἰ
938 1140 1046 1213 γὰρ
1087 1142 1163 1213 μή
1203 1145 1345 1197 εἰσιν
1387 1144 1445 1197 οἰ
1481 1149 1547 1212 Ε,
1588 1149 1652 1212 Ζ,
1691 1149 1752 1198 Η
1789 1144 1911 1198 ἐλά-

213 1246 391 1301 χιστοι
435 1233 550 1285 τῶν
596 1228 698 1286 τὸν
744 1227 917 1285 αὐτὸν
957 1230 1130 1300 λόγον
1171 1230 1418 1302 ἐχόντων
1457 1242 1574 1296 τοῖς
1613 1237 1691 1302 Α,
1731 1237 1805 1302 Β,
1847 1236 1910 1301 Γ,

214 1321 436 1373 ἔσονται
485 1322 674 1387 [τινες]
723 1322 837 1374 τῶν
883 1324 957 1388 Ε,
1000 1324 1070 1388 Ζ,
1117 1323 1185 1372 Η
1222 1317 1520 1384 ἐλάσσονες
1565 1317 1801 1391 ἀριθμοὶ
1849 1322 1910 1375 ἐν

211 1409 288 1481 τῷ
329 1403 480 1482 αὐτῷ
528 1405 676 1481 λόγῳ
725 1407 881 1471 ὄντες
926 1416 1043 1472 τοῖς
1090 1413 1165 1475 Α,
1207 1412 1278 1478 Β,
1317 1411 1377 1462 Γ.
1455 1410 1704 1462 ἔστωσαν
1752 1410 1810 1462 oc
1845 1414 1910 1479 Θ,

212 1498 291 1564 Κ,
333 1499 407 1547 Λ·
469 1495 650 1560 ἰσάκις
698 1492 809 1567 ἄρα
859 1492 890 1549 6
938 1500 986 1549 Θ
1034 1493 1135 1550 τὸν
1174 1502 1228 1549 Α
1278 1506 1466 1567 μετρεῖ
1510 1495 1603 1550 καὶ
1655 1495 1912 1569 ἑκάτερος

211 1585 324 1638 τῶν
363 1588 428 1653 K,
470 1589 521 1637 A
561 1582 822 1653 ἑκάτερον
860 1585 974 1637 τῶν
1014 1587 1080 1650 Β,
1119 1587 1180 1637 Γ.
1236 1579 1430 1647 ὁσάκις
1469 1582 1530 1638 δὲ
1573 1581 1602 1638 6
1637 1589 1685 1638 Θ
1721 1583 1823 1640 τὸν
1856 1592 1910 1640 A

211 1681 413 1742 μετρεῖ,
452 1673 719 1726 τοσαῦται
757 1670 999 1741 μονάδες
1038 1673 1287 1725 ἔστωσαν
1320 1672 1380 1726 ἐν
1411 1674 1487 1745 τῷ
1517 1677 1601 1725 ΛΜ·
1662 1672 1756 1726 καὶ
1789 1673 1908 1728 ἑκά-

209 1781 367 1830 τερος
405 1757 514 1830 ἄρα
551 1762 666 1814 τῶν
705 1764 778 1829 Κ,
819 1764 870 1813 Λ
910 1756 1172 1830 ἑκάτερον
1210 1763 1323 1815 τῶν
1356 1766 1422 1829 Β,
1463 1764 1516 1814 Γ
1546 1770 1735 1831 μετρεῖ
1767 1758 1907 1815 κατὰ

210 1848 308 1913 τὰς
354 1850 414 1903 ἐν
460 1849 536 1922 τῷ
577 1853 652 1902 Μ
689 1847 952 1918 μονάδας.
1029 1848 1119 1902 καὶ
1169 1849 1286 1904 ἐπεὶ
1334 1846 1364 1904 ὁ
1407 1855 1455 1904 Θ
1490 1847 1591 1905 τὸν
1631 1857 1684 1904 A
1723 1860 1909 1921 μετρεῖ

210 1934 348 1989 κατὰ
388 1932 487 1999 τὰς
526 1935 588 1989 ἐν
625 1936 701 2009 τῷ
735 1939 809 1988 Μ
838 1933 1106 2005 μονάδας,
1144 1935 1237 1989 καὶ
1278 1932 1307 1990 ὁ
1342 1941 1416 1989 Μ
1445 1934 1556 2007 ἄρα
1594 1935 1695 1992 τὸν
1727 1944 1781 1991 A
1816 1959 1907 2008 με-

210 2034 331 2095 τρεῖ
372 2021 510 2078 κατά
556 2020 654 2087 τὰς
702 2023 762 2077 ἐν
800 2025 876 2097 τῷ
918 2028 965 2077 Θ
1001 2021 1265 2093 μονάδας.
1336 2022 1430 2079 διὰ
1470 2022 1536 2078 τὰ
1578 2022 1720 2079 αὐτὰ
1761 2023 1831 2096 δὴ
1872 2023 1902 2081 6

211 2118 286 2167 Μ
322 2112 414 2166 καὶ
462 2110 724 2182 ἑκάτερον
771 2113 883 2166 τῶν
924 2117 997 2180 Β,
1038 2116 1092 2166 Γ
1129 2122 1318 2184 μετρεῖ
1360 2111 1499 2166 κατὰ
1545 2110 1643 2178 τὰς
1683 2114 1744 2169 ἐν
1785 2114 1905 2168 ἑκα-

209 2201 349 2275 τέρῳ
396 2203 510 2256 τῶν
558 2205 638 2269 Κ,
678 2205 730 2254 Λ
776 2198 1048 2270 μονάδας·
1114 2197 1144 2255 ὁ
1194 2206 1266 2255 Μ
1303 2199 1412 2273 ἄρα
1457 2199 1588 2267 τοὺς
1626 2209 1706 2272 A,
1746 2208 1819 2273 Β,
1859 2207 1915 2258 Γ

210 2298 407 2360 μετρεῖ.
483 2288 575 2342 καὶ
623 2288 738 2343 ἐπεὶ
786 2285 815 2343 ὁ
857 2294 904 2342 Θ
949 2285 1051 2343 τὸν
1089 2295 1143 2343 A
1189 2299 1378 2361 μετρεῖ
1418 2287 1556 2345 κατὰ
1593 2287 1689 2355 τὰς
1728 2292 1789 2346 ἐν
1827 2293 1904 2367 τῷ

212 2381 285 2431 M
315 2375 588 2446 μονάδας,
638 2373 668 2431 6
709 2381 756 2430 Θ
794 2374 904 2448 ἄρα
943 2374 1043 2431 τὸν
1084 2382 1158 2431 Μ
1185 2377 1674 2443 πολλαπλασιάσας
1710 2376 1811 2434 τὸν
1851 2387 1905 2434 A

330 2573 371 2612 6.
406 2563 484 2625 ἐν]
519 2580 607 2611 om.
641 2566 689 2610 P.
815 2572 853 2612 7.
890 2564 1104 2625 ἕκαστος]
1140 2565 1338 2611 ἕκαστον
1366 2583 1412 2625 p.
1540 2573 1607 2614 10.
1641 2569 1759 2627 τοῖς]
1786 2582 1900 2614 corr.

210 2641 266 2672 ex
297 2643 371 2671 τοι
401 2642 462 2671 m.
495 2640 585 2671 rec.
619 2626 668 2670 P.
733 2623 827 2670 εἰσί
853 2625 956 2682 ch.
1081 2631 1149 2670 11.
1182 2627 1290 2684 καί]
1325 2625 1407 2670 καὶ
1438 2624 1488 2671 οἱ
1515 2642 1560 2684 p.
1678 2633 1748 2672 12.
1779 2629 1897 2685 τοῖς]

211 2700 324 2731 corr.
360 2699 416 2730 ex
445 2701 518 2729 τοι
549 2700 610 2730 m.
645 2690 667 2728 1
703 2686 752 2729 P.
894 2690 960 2729 13.
995 2685 1140 2755 τινες]
1173 2699 1262 2732 om.
1295 2684 1347 2729 P.
1479 2691 1547 2732 16.
1584 2689 1644 2742 Β,
1677 2687 1743 2745 Γ]
1778 2689 1830 2743 Γ,
1863 2691 1900 2730 Β

210 2759 324 2790 corr.
358 2758 414 2789 ex
446 2750 503 2801 A,
536 2748 572 2787 B
604 2759 665 2788 m.
701 2749 723 2787 1
757 2759 802 2800 p.
948 2745 1032 2802 δὲ]
1066 2746 1157 2816 δἾῬ
1311 2748 1380 2789 18.
1412 2745 1506 2788 τῶν
1539 2749 1596 2801 Β,
1632 2746 1695 2803 Γ]
1728 2742 1812 2790 τὸν
1846 2748 1899 2801 Γ,

208 2807 245 2847 Β
276 2819 321 2861 p.
445 2808 514 2848 20.
548 2802 611 2861 A]
648 2804 689 2847 Θ
719 2818 768 2859 Ρ.
887 2808 957 2848 21.
991 2802 1073 2847 καὶ
1104 2819 1130 2847 ο
1163 2805 1223 2846 Μ
1246 2803 1348 2859 ch.
