1988 3152
151 215 263 270 434
632 229 639 237 ·
836 217 1154 262 APPENDIX.

151 333 293 390 αὐτα
331 335 495 406 με’ρη,
538 328 661 389 οἷον
701 337 752 389 εἰ
787 332 946 413 τύχοι
986 337 1254 417 δίδοσθαι
1286 334 1339 394 ς’
1372 335 1429 406 γ’
1465 335 1519 391 δ’
1554 335 1622 407 ε’,
1663 315 1852 410 εὑρεῖν

86 443 88 446 ’
150 445 253 478 τον
307 421 597 493 ἐλάχιστον
652 420 902 494 ἀριθμὸν
956 421 1183 479 πάντων
1237 427 1351 480 τῶν
1404 424 1471 481 τὰ
1522 425 1663 482 αὐτὰ
1708 428 1849 499 με’ρη

63 1153 117 1194 10

64 1597 118 1638 15

63 2151 119 2191 2Ο

152 510 399 583 ἐχόντων
453 508 659 575 αὐτοῖς.
736 508 985 583 ἀριθμὸν
1040 523 1252 585 εῑρεῖν,
1310 511 1372 578 ὃς
1429 512 1712 585 ἐλάχιστος
1767 512 1849 570 ὢν

935 598 947 617 2
1254 601 1848 622 '''''''

151 688 229 744 ια’
272 688 351 760 ιβ’
390 687 484 744 καὶ
522 691 601 753 εἰς
640 686 885 760 ἄπειρον.
963 691 1053 743 δεῖ
1090 681 1195 744 οὖν
1234 694 1428 760 λαβεῖν
1467 689 1597 756 τοὺς
1630 691 1848 763 ὁμωνύ·

151 799 291 849 μους
345 775 535 833 αὐτῶν
590 774 895 849 ἀριθμούς,
948 778 1199 833 τουτέστι
1251 782 1353 834 τοῦ
1408 801 1509 850 μεν
1559 780 1732 852 ἥμισυ
1785 803 1847 837 το

153 889 213 936 α,
259 870 361 923 τοῦ
411 865 473 922 δε
519 864 577 936 γ’
623 887 692 920 τα
674 888 803 949 -γ,
850 869 951 921 τοῦ
1003 865 1066 921 δε
1114 864 1170 921 δ’
1218 889 1285 922 τα
1340 871 1374 923 δ
1435 870 1527 924 καὶ
1569 869 1614 925 ε’
1669 871 1762 925 καὶ
1800 875 1844 929 ξ

148 957 242 1011 καὶ
285 962 311 1023 ζ
348 978 381 1027 η
429 964 473 1011 θ
516 957 561 1003 ἵ
589 976 645 1012 ια
685 959 743 1025 ιβ
773 955 866 1009 καὶ
904 955 1385 1011 πολλαπλασιάσαι
1424 978 1526 1014 τον
1566 982 1600 1014 α
1655 959 1741 1014 ἐπὶ
1780 965 1870 1014 ‘ccc‘

149 1065 216 1119 y·
255 1051 510 1118 γίνονται
549 1062 615 1112 y·
654 1066 719 1099 τα
752 1065 787 1112 γ
829 1043 917 1099 ε’πὶ
954 1046 1022 1100 τὰ
1063 1047 1118 1099 δ·
1167 1049 1420 1116 γίνονται
1453 1052 1531 1118 ιβ·
1571 1049 1638 1102 τὰ
1671 1053 1728 1118 ιβ
1760 1047 1847 1103 ἐπὶ

148 1160 215 1193 τα
271 1152 327 1191 ε·
366 1138 621 1206 γίνονται
655 1136 703 1200 ξ·
741 1156 808 1190 τα
851 1133 997 1199 ξέπὶ
1035 1154 1102 1189 τα
1145 1151 1208 1192 ς·
1258 1139 1512 1205 γίνονται
1550 1137 1636 1202 τξ·
1683 1158 1749 1191 τα
1789 1138 1850 1202 τξ

150 1224 238 1281 ε’πὶ
291 1246 358 1279 τα
417 1228 463 1291 ζ·
518 1226 772 1293 γίνονται
827 1227 986 1296 βφκ·
1040 1215 1205 1288 οὗτος
1259 1227 1368 1295 ἔχει
1414 1245 1479 1279 τα
1519 1228 1564 1278 ἶ
1603 1226 1740 1296 μέρη
1783 1246 1846 1280 το

151 1314 199 1362 ς’
237 1313 295 1385 γ’
339 1311 394 1368 δ’
437 1311 482 1368 ε’
526 1310 580 1369 ς’
619 1312 713 1366 καὶ
750 1333 817 1366 τα
858 1310 1038 1367 λοιπά.
1109 1311 1278 1367 πάλιν
1319 1309 1494 1368 αὐτον
1537 1319 1848 1368 πολλαπλα-

151 1402 340 1460 σιάσαι
388 1402 474 1458 ἐπὶ
521 1423 622 1458 τον
663 1408 733 1455 ῖᾶ·
787 1404 1042 1471 γίνονται
1089 1405 1195 1472 μυβ
1243 1391 1389 1474 ‘ff‘
1425 1394 1587 1467 οὗτος
1620 1400 1649 1457 ὁ
1685 1400 1848 1474 ἀριθ-

150 1495 253 1564 μὸς
293 1495 403 1564 ἔχει
441 1512 507 1546 τα
551 1490 795 1545 δοθέντα
834 1489 972 1560 με’ρη
1019 1511 1082 1545 το
1124 1488 1176 1547 ς’
1218 1489 1274 1559 γ’
1318 1488 1373 1543 δ’
1417 1491 1462 1544 ε’
1503 1489 1555 1548 ς’
1600 1489 1644 1557 ζ’
1685 1490 1741 1561 η’
1781 1489 1846 1545 θ’

152 1580 192 1636 ι’
254 1579 333 1636 ια’
392 1579 486 1651 ιβ’.
565 1579 652 1635 ε’πὶ
708 1577 935 1634 πάντων
990 1580 1103 1634 τῶν
1159 1579 1476 1650 διδομένων
1533 1578 1711 1644 οὕτως
1765 1582 1853 1634 δεῖ

151 1668 650 1735 πολλαπλασιάζειν
693 1666 786 1722 καὶ
826 1666 1106 1740 εὑρίσκειν
1152 1670 1254 1724 τὸν
1294 1665 1544 1740 ἀριθμου
1590 1689 1690 1723 τον
1731 1667 1848 1723 ἐλά-

150 1775 342 1831 χιστον
383 1762 579 1830 ἔχοντα
618 1759 790 1812 ταῦτα
829 1776 895 1810 τα
935 1757 1089 1828 μέρη.

882 1933 960 1988 IX
999 1935 1116 1988 init.

261 2038 616 2111 Εὑρίσκομεν
655 2035 755 2093 τὸν
796 2041 1160 2109 συγκείμενον
1207 2036 1381 2108 λόγον
1421 2039 1480 2093 ἐκ
1518 2037 1705 2109 λόγων
1753 2036 1846 2093 διὰ

153 2127 200 2184 ε’
255 2130 356 2184 τοῦ
412 2127 493 2199 η’·
549 2129 652 2198 τὴν
705 2126 766 2182 δὲ
816 2129 1092 2197 διαίρεσιν
1137 2129 1238 2182 τοῦ
1292 2125 1467 2197 λόγου
1517 2125 1848 2198 εὑρίσκομεν

154 2215 351 2283 οὕτως·
416 2220 553 2272 ἔστω
611 2237 640 2271 ο
696 2223 749 2271 Α
803 2217 904 2270 τοῦ
959 2221 1006 2270 Β
1062 2218 1318 2286 διπλοῦς,
1380 2215 1473 2270 καὶ
1520 2213 1612 2270 ἀπ’
1673 2213 1846 2270 αὐτοῦ

151 2304 380 2379 ἀφελεῖν
441 2307 727 2377 τριπλοῦν.
816 2307 952 2359 ἔστω
1009 2302 1038 2359 ὅ
1098 2311 1153 2358 A
1190 2308 1244 2358 Γ
1295 2306 1571 2376 τριπλοῦς.
1655 2310 1848 2368 λοιπος

151 2394 260 2468 ἄρα
308 2394 338 2451 ὁ
388 2399 442 2449 Γ
470 2400 532 2450 Β.
608 2394 778 2464 λέγω,
829 2390 914 2448 ὅτι
963 2392 992 2449 ὁ
1043 2397 1097 2448 Γ
1125 2398 1173 2447 Β
1221 2391 1476 2464 ἡμιόλιός
1530 2393 1693 2448 ἐστιν.
1770 2395 1844 2463 μὴ

273 2564 312 2603 1.
345 2555 462 2628 τύχη
493 2572 536 2614 p.
652 2554 743 2630 ς]
785 2558 821 2629 ςι
851 2571 899 2627 p.
1044 2560 1086 2600 2.
1126 2550 1364 2659 ἅ3ρνθμόν]
1398 2568 1547 2611 comp.
1579 2553 1642 2607 V;
1682 2554 1768 2598 καί
1795 2571 1846 2610 φ.

150 2617 272 2676 τῶν]
316 2614 399 2661 τόν
432 2633 482 2672 φ.
605 2612 758 2687 αὐτοὶ]
783 2612 821 2671 η’
835 2641 895 2649 ·-
919 2614 961 2659 V
979 2631 1028 2671 φ.
1151 2612 1403 2685 3ἕχοντα
1435 2630 1485 2670 φ.
1569 2609 1843 2715 ςᾶριθμόν]

153 2691 301 2734 comp.
335 2676 401 2730 V3
434 2676 522 2720 καί
541 2692 590 2746 φ.
685 2670 766 2749 ός]
799 2672 862 2727 ὡς
893 2675 1002 2731 ch.
1124 2669 1280 2791 416}
1312 2671 1369 2718 τά
1400 2688 1446 2730 p.
1569 2668 1650 2731 ς’]
1682 2671 1732 2716 in
1755 2686 1843 2717 ras.

150 2753 212 2782 m.
248 2741 272 2780 1
305 2751 351 2793 p.
444 2740 483 2779 6.
518 2729 703 2793 αὐτῶν]
736 2752 766 2791 η
798 2735 892 2779 τῶν
922 2734 965 2779 V
990 2750 1039 2790 φ.
1135 2737 1175 2779 7.
1217 2752 1247 2780 α
1311 2732 1495 2790 πρῶτον
1526 2731 1671 2790 Vpcp.
1763 2729 1846 2775 καὶ

154 2804 186 2847 ς
217 2809 326 2868 καί]
361 2805 417 2853 τὰ
449 2813 494 2862 ἶ
524 2809 607 2853 καὶ
637 2806 695 2853 τὰ
729 2810 761 2853 ς’
790 2824 835 2866 p.
959 2812 1000 2852 8.
1047 2806 1104 2864 ι]
1138 2821 1227 2852 om
1260 2806 1358 2863 ch
1435 2801 1846 2854 πολλαπλασιάσας

153 2869 296 2926 thp.
416 2869 486 2927 α]
519 2869 704 2923 πρῶτον
734 2869 879 2926 Vpaep.
1002 2872 1043 2914 9.
1082 2866 1156 2924 γ]
1195 2868 1303 2921 τρία
1323 2824 1481 2941 qu).
1601 2863 1843 2980 γίνονταιῖ

154 2942 337 2986 semper
375 2942 524 2986 comp.
570 2927 679 2984 Vq),
719 2929 900 2985 γίνεται
937 2943 983 2984 p.
1142 2943 1169 2980 γ
1209 2922 1294 2984 τά]
1334 2927 1463 2983 τρία·
1510 2921 1569 2968 τά
1611 2939 1643 2981 p
1786 2948 1812 2980 γ

153 3003 259 3061 τρία
296 3017 342 3059 p.
405 3003 587 3060 γίνεται
617 3017 661 3059 p.
775 2991 854 3060 ἷβ]
888 3000 1055 3059 (prius)
1079 3002 1124 3054 ιζ
1145 3016 1195 3057 φ.
1308 3004 1376 3046 10.
1416 2996 1646 3055 γίνονται]
1679 2995 1841 3054 (prius)
