1988 3152
193 94 300 146 358
816 97 1156 140 ΣΤΟΙΧΕΙῼΝ
1184 94 1256 142 θ’.

193 209 523 284 ἀνάλογον
579 206 770 283 αἷσιν,
827 213 856 268 6
914 214 983 269 δὲ
1038 214 1191 286 μετὰ
1245 214 1362 287 τὴν
1414 216 1670 287 μονάδα
1717 215 1797 288 μὴ
1844 211 1880 290 ᾗ

189 300 626 371 τετράγωνος,
699 300 839 357 οὐδ’
915 301 1112 368 ἄλλος
1181 302 1406 370 οὐδεὶς
1473 306 1882 376 τετράγωνος

190 393 371 445 ἔσται
423 390 621 462 χωρὶς
665 394 781 446 τοῦ
830 396 1061 463 τρίτου
1108 389 1229 449 άπὸ
1278 397 1391 464 τῆς
1438 396 1731 465 μονάδος
1776 395 1880 450 καὶ

187 481 316 533 τῶν
357 479 470 532 ἕνα
511 480 995 535 διαλειπόντων
1035 481 1315 537 πάντων.
1371 483 1476 537 καὶ
1511 483 1628 538 ἐὰν
1662 483 1691 539 6
1726 483 1881 554 μετὰ

131 575 157 614 5
190 568 307 636 τὴν
347 568 602 637 μονάδα
640 569 842 638 κύβος
880 571 959 640 μὴ
993 562 1054 642 ᾗ,
1097 567 1252 626 οὐδὲ
1285 569 1478 636 ἄλλος
1512 569 1734 636 οὐδεὶς
1772 573 1882 628 κύ-

189 659 303 723 βος
358 658 539 710 ἔσται
586 657 784 728 χωρὶς
829 662 947 713 τοῦ
996 660 1310 730 τετάρτου
1358 657 1477 714 άπὸ
1528 664 1640 731 τῆς
1686 662 1880 731 μονά-

189 744 302 807 δος
340 744 446 798 καὶ
484 748 613 801 τῶν
653 747 774 801 δύο
816 749 1302 803 διαλειπόντων
1343 749 1619 805 πάντων.

288 830 575 888 ’Ἑστωσαν
645 831 752 889 άπὸ
817 837 1063 905 μονάδος
1125 837 1249 907 ἑξῆς
1311 834 1592 907 ἀνάλογον
1659 837 1879 908 ὁσοιδη-

186 923 398 974 ποτοῦν
438 918 670 993 ἀριθμοὶ
711 926 769 978 οἱ
797 931 866 993 Α,
908 930 972 993 Β,
1012 930 1076 994 Γ,
1117 932 1190 993 Λ,
1231 931 1296 994 Ε,
1330 931 1393 995 Ζ,
1434 925 1463 980 ὁ
1506 925 1568 980 δὲ
1606 926 1738 997 μετὰ
1778 926 1880 997 τὴν

101 1016 155 1057 10
191 1010 411 1079 μονάδα
466 1010 496 1067 6
546 1019 599 1065 A
653 1035 726 1084 μη
781 1016 919 1067 ἔστω
966 1015 1331 1084 τετράγωνος·
1392 1016 1558 1085 λέγω,
1616 1016 1701 1071 ὅτι
1750 1014 1881 1072 οὐδὲ

190 1096 358 1164 ἄλλος
398 1097 585 1165 οὐδεὶς
621 1101 970 1172 τετράγωνος
1009 1106 1160 1158 ἔσται
1200 1104 1367 1175 χωρὶς
1404 1106 1506 1159 τοῦ
1543 1109 1736 1175 τρίτου
1772 1103 1878 1160 άπὸ
1912 1127 1922 1138 ·

191 1187 288 1259 τὴς
326 1188 574 1259 μονάδος
616 1190 729 1259 [καὶ
768 1193 880 1246 τῶν
913 1192 1012 1246 ἕνα
1051 1193 1495 1262 διαλειπόντων]

302 1281 377 1332 Εἰ
413 1277 520 1347 γὰρ
562 1278 833 1350 δυνατόν,
884 1284 1022 1335 ἔστω
1065 1278 1092 1335 6
1135 1286 1187 1336 Γ
1226 1281 1586 1352 τετράγωνος.
1665 1286 1778 1337 ἔστι
1820 1282 1881 1338 δὲ

187 1366 281 1421 καὶ
336 1363 365 1421 6
421 1372 468 1421 Β
521 1367 889 1439 τετράγωνος·
946 1371 1003 1424 οἰ
1054 1376 1126 1440 Β,
1160 1374 1213 1424 Γ
1259 1369 1369 1441 ἄρα
1416 1369 1553 1439 πρὸς
1607 1368 1882 1441 ἀλλήλους

100 1459 156 1500 15
190 1454 364 1524 λόγον
412 1459 663 1526 ἔχουσιν,
712 1453 780 1511 ὃν
826 1457 1172 1529 τετράγωνος
1217 1458 1462 1530 άριθμὸς
1509 1458 1648 1531 πρὸς
1694 1460 1880 1531 τετρά-

187 1565 375 1613 γωνον
423 1540 688 1615 ἀριθμόν.
763 1551 862 1599 καί
905 1548 1055 1601 ἐστιν
1103 1545 1176 1612 ὡς
1226 1544 1255 1602 6
1303 1554 1350 1602 Β
1397 1547 1538 1618 πρὸς
1582 1548 1681 1603 τὸν
1729 1552 1800 1617 Γ,
1849 1545 1877 1602 6

187 1639 240 1686 A
287 1631 426 1705 πρὸς
474 1632 575 1689 τὸν
622 1639 693 1688 Β·
741 1636 800 1689 οἰ
841 1642 918 1704 Α,
950 1641 997 1689 Β
1046 1634 1155 1706 ἄρα
1204 1634 1342 1709 πρὸς
1388 1633 1662 1707 ἀλλήλους
1709 1635 1881 1707 λόγον

193 1725 443 1792 ἔχουσιν,
500 1718 568 1777 ὃν
623 1722 969 1794 τετράγωνος
1023 1722 1266 1796 άριθμὸς
1327 1724 1466 1797 πρὸς
1526 1725 1877 1798 τετράγωνον

189 1806 463 1881 ἀριθμόν·
519 1809 659 1865 ὥστε
708 1813 766 1866 οἱ
801 1820 880 1881 Α,
911 1818 959 1867 Β
1014 1810 1200 1883 ὅμοιοι
1255 1815 1510 1869 ἐπίπεδοί
1551 1818 1709 1869 εἰσιν.
1785 1819 1884 1869 καί

99 1904 157 1944 20
194 1899 307 1953 ἐστι
347 1897 694 1968 τετράγωνος
734 1896 763 1954 6
803 1906 874 1955 Β·
913 1900 1259 1972 τετράγωνος
1298 1902 1408 1974 ἄρα
1448 1903 1563 1958 ἐστὶ
1601 1903 1695 1958 καὶ
1736 1900 1765 1958 6
1805 1911 1879 1957 A·

189 1985 328 2058 ὅπερ
371 1983 471 2058 οὐχ
511 1984 779 2043 ὑπέκειτο.
850 1987 955 2045 οὐκ
1003 1988 1111 2062 ἄρα
1152 1988 1180 2046 6
1230 1996 1283 2046 Γ
1321 1991 1667 2063 τετράγωνός
1714 1994 1878 2049 ἐστιν.

190 2072 397 2146 ὁμοίως
452 2073 519 2146 δὴ
579 2079 857 2148 δείξομεν,
914 2076 998 2134 ὅτι
1056 2077 1178 2135 οὐδ’
1239 2078 1405 2145 ἄλλος
1460 2079 1647 2147 οὐδεὶς
1694 2082 1878 2152 τετρά-

187 2163 371 2234 γωνός
426 2165 539 2219 ἐστι
594 2166 762 2237 χωρὶς
808 2170 909 2221 τοῦ
957 2172 1148 2238 τρίτου
1195 2166 1304 2223 άπὸ
1351 2172 1449 2239 τῆς
1494 2169 1740 2240 μονάδος
1786 2171 1875 2225 καὶ

185 2256 299 2308 τῶν
340 2254 439 2307 ἕνα
480 2253 899 2310 διαλειπόντων.

0 2329 8 2336 ’
95 2346 153 2387 25
292 2338 454 2396 Ἀλλὰ
513 2340 582 2413 δὴ
638 2343 711 2415 μὴ
764 2349 899 2400 ἔστω
949 2341 978 2399 6
1020 2352 1083 2419 *A
1128 2345 1314 2416 κύβος.
1391 2349 1559 2416 λέγω,
1614 2345 1698 2401 ὅτι
1747 2345 1872 2402 οὐδ’

303 2480 343 2520 8.
380 2473 585 2519 ἔστωσαν
618 2473 708 2531 γάρ
740 2476 790 2521 Ρ.
893 2474 1029 2536 ἑξῆς]
1063 2478 1112 2521 in
1143 2492 1230 2522 raS.
1266 2494 1316 2534 φ.
1419 2473 1784 2537 ὁσοιδηποτοῦν]
1818 2479 1875 2534 Ρ;

184 2531 592 2589 ὁποσοιδηποτοῦν
616 2534 765 2591 BVzp.
862 2541 929 2581 10.
965 2533 990 2580 6
1016 2537 1080 2595 A]
1109 2551 1196 2583 om.
1223 2538 1325 2593 th.
1418 2535 1567 2595 λέγω]
1595 2535 1619 2581 6
1646 2543 1695 2582 A.
1759 2537 1875 2595 λέγω

180 2594 286 2647 ch.
411 2599 479 2638 11.
513 2595 669 2652 χωρίς]
695 2591 815 2650 πλήν
840 2595 941 2651 ch.
1068 2601 1136 2642 12.
1170 2597 1251 2641 καὶ
1281 2596 1374 2640 τῶν
1400 2594 1484 2640 ἕνα
1510 2594 1875 2656 διαλειπόντων]

183 2666 272 2697 0111.
306 2651 356 2694 Ρ.
449 2658 517 2697 13.
552 2651 674 2711 ἔστι]
706 2652 831 2698 ἔστιν
854 2655 904 2701 Ρ.
999 2660 1067 2699 15.
1091 2652 1210 2713 πρὸς
1234 2652 1528 2712 τετράγωνον
1555 2651 1787 2727 ἀριθμόν]
1814 2671 1875 2702 m.

182 2725 273 2757 rec.
293 2712 342 2757 P.
408 2716 476 2756 16.
506 2708 530 2755 6
557 2712 620 2770 A]
649 2708 797 2763 οὕτως
822 2709 846 2757 6
873 2718 908 2757 A
934 2712 986 2759 B.
1052 2720 1119 2759 17.
1146 2713 1250 2774 τόν]
1277 2729 1366 2759 0111.
1384 2713 1438 2757 Β.
1503 2718 1570 2759 18.
1597 2711 1807 2773 άριθμον
1823 2715 1875 2768 Ρ,

185 2785 301 2815 corr.
326 2785 386 2814 m.
418 2775 457 2814 1.
553 2776 622 2815 19.
655 2768 769 2816 ὥστε
799 2798 850 2804 -
878 2771 1093 2842 εἰσιν]’111
1119 2775 1158 2818 V
1183 2773 1341 2819 deleta
1371 2771 1516 2829 (εἰσι);
1544 2788 1634 2819 0111.
1662 2792 1711 2832 φ.
1805 2781 1874 2820 21.

183 2826 434 2874 ὑπόκειται
466 2830 567 2886 Vq).
660 2835 730 2875 22.
764 2829 1059 2888 τετράγωνος
1092 2829 1208 2892 ἔστι]
1251 2848 1340 2878 om.
1374 2833 1475 2887 Vq).
1569 2838 1640 2879 25.
1674 2830 1787 2879 οὐδέ
1819 2835 1874 2879 V.

184 2885 299 2933 οὐδὲ
333 2884 470 2940 ἄλλος
502 2905 595 2946 mg.
628 2907 677 2946 φ.
