1988 3152
203 122 312 176 248
831 128 1167 172 ΣΤΟΙΧΕΙῼΝ
1199 126 1257 183 ζ’.

297 241 478 297 ’Ἑστω
534 245 752 314 πρῶτος
805 242 1050 315 ἀριθμὸς
1104 243 1134 300 6
1182 253 1236 301 A
1297 247 1390 301 καὶ
1433 245 1535 303 τὸν
1580 253 1627 302 Β
1675 247 1749 318 μὴ
1803 269 1890 319 με»

199 334 417 403 τρείτω·
456 330 617 400 λέγω,
651 329 736 386 ὅτι
770 334 828 387 oc
847 338 913 403 Β,
939 341 992 388 Α
1021 337 1232 406 πρῶτοι
1263 334 1402 406 πρὸς
1433 333 1711 406 ἀλλήλους
1735 339 1891 390 εἰσιν.

311 421 385 472 Εἰ
429 415 536 487 γὰρ
577 419 651 490 μή
692 423 835 475 εἰσιν
876 421 935 476 οἱ
967 427 1042 492 Β,
1081 430 1135 477 A
1172 424 1383 494 πρῶτοι
1420 422 1559 496 πρὸς
1598 422 1888 495 ἀλλήλους,

197 505 455 578 μετρήσει
500 526 583 570 τις
625 503 830 573 αὐτοὺς
869 505 1128 580 ἀριθμός.
1202 515 1463 582 μετρείτω
1505 509 1533 566 6
1575 516 1635 568 Γ.
1706 510 1816 567 ἐπεὶ
1858 506 1889 564 6

139 612 166 652 5
197 598 252 648 Γ
287 592 389 648 τὸν
428 599 476 648 Β
515 604 725 666 μετρεῖ,
774 591 803 649 ὁ
846 594 908 650 δὲ
947 603 1000 650 A
1036 595 1136 651 τὸν
1176 603 1223 652 Β
1264 595 1334 652 οὐ
1371 609 1580 669 μετρεῖ,
1628 595 1657 653 6
1695 601 1749 650 Γ
1779 595 1890 668 ἄρα

195 684 271 758 τῷ
311 689 365 736 A
411 679 514 737 οὔκ
563 682 713 737 ἐστιν
761 680 791 738 6
840 681 1025 750 αὐτός.
1100 685 1194 739 καὶ
1241 685 1356 740 ἐπεὶ
1405 683 1434 739 6
1475 690 1529 740 Γ
1558 685 1685 749 τοὺς
1724 690 1797 754 Β,
1835 691 1891 739 A

196 780 406 842 μετρεῖ,
455 770 549 824 καὶ
598 769 699 826 τὸν
745 778 800 825 A
849 770 959 843 ἄρα
1005 784 1195 845 μετρεῖ
1236 776 1461 845 πρῶτον
1508 773 1640 829 ὄντα
1686 770 1760 843 μὴ
1809 768 1891 827 ὢν

196 854 346 934 αὐτῷ
396 855 425 913 6
476 855 667 923 αὐτός·
724 856 858 929 ὅπερ
898 860 1050 915 ἐστὶν
1090 858 1392 916 ἀδύνατον.
1471 859 1570 917 οὐκ
1610 858 1721 932 ἄρα
1758 858 1894 926 τοὺς

194 951 262 1016 Β,
294 953 347 1000 A
386 945 644 1017 μετρήσει
675 967 758 1011 τις
790 945 1049 1018 ἀριθμός.
1105 949 1163 1003 015
1191 955 1262 1018 A,
1294 955 1341 1004 Β
1374 947 1480 1021 ἄρα
1511 951 1723 1021 πρῶτοι
1751 949 1891 1020 πρὸς

109 1053 162 1094 10
195 1031 472 1105 ἀλλήλους
511 1038 678 1090 εἰσίν·
743 1032 878 1108 ὅπερ
919 1039 1032 1092 ἔδει
1072 1038 1261 1103 δεῖξαι.

1006 1199 1078 1254 λ’.

300 1294 446 1353 Ἐὰν
509 1299 628 1355 δύο
684 1297 967 1371 ἀριθμοὶ
1020 1301 1726 1366 πολλαπλασιάσαντες
1780 1299 1891 1357 ἀλ-

191 1386 435 1457 λήλους
481 1389 726 1443 ποιῶσί
766 1409 940 1458 τινα,
987 1388 1105 1444 τὸν
1153 1389 1221 1445 δὲ
1266 1389 1638 1460 γενόμενον
1679 1391 1741 1455 ἐξ
1782 1388 1890 1445 αὐ-

191 1476 320 1529 τῶν
374 1478 572 1548 μετρῇ
626 1461 738 1541 τις’
769 1479 1028 1549 πρῶτος
1078 1475 1394 1549 ἀριθμός,
1447 1477 1554 1532 καὶ
1602 1478 1716 1533 ἕνα
1763 1481 1891 1533 τῶν

104 1584 157 1625 15
191 1561 254 1628 ἐξ
293 1560 499 1635 ἀρχῆς
536 1564 863 1635 μετρήσει·

300 1652 427 1706 Δύο
489 1649 598 1723 γὰρ
662 1649 900 1724 ἀριθμοὶ
963 1655 1022 1708 οὗ
1070 1660 1152 1723 A,
1206 1660 1254 1709 Β
1308 1653 1892 1720 πολλαπλασιάσαντες

188 1735 467 1810 ἀλλήλους
512 1739 614 1795 τὸν
656 1744 710 1795 Γ
749 1744 1110 1812 ποιείτωσαν,
1156 1739 1256 1797 τὸν
1304 1741 1366 1798 δὲ
1405 1746 1459 1797 Γ
1501 1745 1761 1814 μετρείτω
1808 1763 1892 1808 τις

186 1829 404 1898 πρῶτος
444 1825 688 1900 ἀριθμὸς
728 1825 758 1884 6
798 1835 875 1883 A·
944 1829 1106 1899 λέγω,
1146 1827 1233 1884 ὅτι
1274 1827 1304 1885 6
1347 1836 1402 1884 A
1441 1831 1540 1885 ἕνα
1578 1832 1691 1885 τῶν
1730 1838 1801 1900 Α,
1840 1836 1888 1885 Β

186 1924 386 1987 μετρεῖ.

97 2026 155 2066 20
306 2001 420 2058 Τὸν
465 2002 575 2075 γὰρ
614 2011 668 2060 A
713 2002 787 2075 μὴ
836 2009 1120 2076 μετρείτω·
1181 2010 1280 2060 καί
1322 2007 1436 2061 ἐστι
1482 2007 1697 2076 πρῶτος
1737 2003 1766 2060 6
1810 2012 1888 2060 A·

188 2093 246 2146 οἱ
274 2099 345 2161 Α,
379 2098 435 2146 A
474 2090 583 2164 ἄρα
622 2095 838 2164 προῦτοιΙ
870 2091 1012 2164 πρὸς
1049 2090 1328 2164 ἀλλήλους
1360 2096 1518 2149 εἰσίν.
1567 2092 1661 2148 καὶ
1694 2091 1889 2159 ὁσάκις

187 2177 216 2234 6
245 2187 299 2235 A
329 2178 431 2236 τὸν
455 2185 509 2235 Γ
534 2191 735 2252 μετρεῖ,
774 2183 1040 2236 τοσαῦται
1072 2181 1315 2253 μονάδες
1347 2185 1595 2236 ἔστωσαν
1629 2183 1690 2237 ἐν
1720 2184 1796 2257 τῷ
1823 2188 1886 2237 Ε.

186 2267 302 2323 ἐπεὶ
343 2261 450 2324 οὖν
490 2265 519 2323 6
562 2275 618 2323 A
655 2267 756 2324 τὸν
795 2273 850 2323 Γ
881 2279 1070 2342 μετρεῖ
1103 2267 1241 2324 κατὰ
1282 2267 1379 2335 τὰς
1418 2271 1478 2325 ἐν
1517 2272 1592 2344 τῷ
1626 2275 1680 2324 Ε
1714 2271 1885 2341 μονά-

186 2359 314 2426 δας,
362 2354 392 2412 6
435 2363 491 2412 A
530 2354 639 2429 ἄρα
675 2354 777 2412 τὸν
815 2362 869 2411 Ε
903 2358 1394 2423 πολλαπλασιάσας
1431 2356 1532 2413 τὸν
1572 2361 1627 2412 Γ
1656 2363 1884 2430 πεποίη-

94 2469 152 2510 25
182 2466 294 2500 κεν.
371 2442 510 2501 ἀλλὰ
559 2443 672 2516 μὴν
716 2445 809 2500 καὶ
858 2442 886 2500 6
928 2453 983 2500 A
1026 2445 1127 2501 τὸν
1167 2452 1214 2501 Β
1254 2446 1743 2511 πολλαπλασιάσας
1780 2446 1883 2502 τὸν

182 2537 237 2589 Γ
275 2537 593 2604 πεποίηκεν·
657 2539 777 2599 ἴσος
824 2530 933 2606 ἄρα
973 2534 1123 2589 ἐστὶν
1165 2531 1194 2589 6
1235 2534 1295 2589 ἐκ
1332 2536 1445 2588 τῶν
1486 2539 1565 2603 Δ,
1614 2539 1667 2587 Ε
1701 2537 1777 2607 τῷ
1819 2537 1880 2590 ἐκ

303 2714 344 2754 3.
377 2711 435 2765 Β,
468 2708 532 2766 A]
576 2712 635 2764 A,
675 2712 711 2752 Β
749 2723 794 2765 p.
918 2713 959 2754 4.
993 2703 1229 2766 ἀριθμός]
1271 2704 1343 2759 ·ός
1380 2708 1429 2752 in
1467 2722 1557 2753 ras.
1599 2725 1649 2764 φ.
1712 2706 1878 2766 μετρή-

183 2785 245 2812 τω
279 2785 328 2826 φ.
452 2762 580 2823 ἐπεί]
612 2766 694 2811 καὶ
728 2763 751 2811 6
788 2770 832 2811 Γ
865 2764 955 2812 οὔκ
987 2764 1084 2813 ἔστι
1116 2765 1278 2824 μονάς.
1318 2763 1422 2812 ἐπεὶ
1453 2761 1539 2812 οὖν
1571 2767 1662 2823 Vq)
1703 2769 1753 2813 et
1784 2782 1876 2814 om.

184 2828 271 2872 καί
302 2842 348 2884 p.
419 2827 539 2870 Ante
581 2821 691 2870 ε’πεί
726 2826 832 2871 add.
872 2825 910 2869 P
941 2839 1002 2871 m.
1043 2840 1134 2872 rec.
1174 2828 1268 2871 καί.
1421 2831 1460 2871 6.
1494 2827 1584 2886 τῷ]
1619 2840 1644 2871 e
1676 2840 1790 2872 corr.
1824 2828 1875 2872 P.

183 2889 241 2943 Β,
273 2886 337 2943 A]
369 2885 419 2929 in
449 2898 536 2929 ras.
574 2901 632 2941 (323
665 2887 701 2929 Β
733 2899 872 2943 supra.
893 2900 954 2929 m.
984 2891 1006 2930 1
1032 2884 1087 2930 V.
1180 2890 1221 2930 8.
1254 2882 1398 2937 αὐτὸς
1421 2881 1534 2931 οὐδὲ
1559 2881 1707 2943 μονάς
1731 2885 1874 2943 ἾφΡ.
