1988 3152
512 24 972 68 ELEMENTORUM
1001 25 1183 66 LIBER
1213 25 1292 66 1x.
1636 21 1745 75 349

61 152 244 203 autem
283 151 339 200 A
363 166 376 200 ε
401 149 541 200 Γ--
566 150 620 198 A
645 165 657 198 :
682 149 743 198 Β.
820 144 1003 213 itaque
1055 144 1220 196 etiam
1267 144 1409 196 inber
1448 147 1523 211 A,
1555 145 1602 194 Β
1642 142 1746 196 duo

65 237 230 291 medii
266 235 702 307 proportionales
741 234 1163 303 interponunssur
1201 233 1411 285 numeri
1459 230 1635 299 [VIIL
1675 232 1748 297 8].

61 330 116 379 et
155 326 323 379 cubus
364 327 446 377 est
484 329 551 376 A.
629 340 758 393 ergo
798 322 962 375 etiam
1002 325 1047 373 Β
1088 322 1256 374 cubus
1297 324 1379 374 osb
1423 319 1597 389 [VIII‚
1631 320 1749 389 23];

70 413 213 484 quod
251 417 368 467 erat
405 411 898 467 demonstrandum.

855 602 948 656 VI.

178 710 237 763 Si
274 727 529 762 numerus
562 726 618 760 se
658 707 837 776 ipsum
870 706 1237 776 multiplicans
1271 704 1467 759 cubum
1501 704 1752 773 effeceriss‚

60 804 115 853 et
153 800 270 868 ipse
310 798 477 851 cubus
517 797 633 849 erit.

172 887 446 941 Numerus
495 887 639 939 enim
685 890 738 937 A
789 903 845 938 se
899 885 1080 954 ipsum
1133 883 1505 952 mulbiplioans
1554 881 1755 935 efficiat

68 978 265 1031 cubum
303 979 366 1030 Β.
445 975 584 1041 dico,
626 974 791 1026 etiam
830 979 883 1026 A
921 974 1118 1027 cubum
1157 991 1289 1026 esse.

178 1066 249 1118 sib
280 1065 424 1119 enim
456 1069 509 1116 A
531 1075 602 1117 ><
625 1067 672 1116 Β
700 1089 769 1107 =
796 1065 855 1116 Γ.
925 1063 1036 1116 iam
1069 1063 1326 1132 quoniam
1360 1066 1413 1114 A
1435 1073 1508 1117 ><
1534 1066 1588 1113 A
1613 1085 1682 1103 =
1708 1062 1755 1111 Β

289 1155 339 1195 *A
598 1155 653 1205 et
675 1157 730 1205 A
754 1164 826 1209 ><
851 1156 898 1204 Β
924 1177 994 1194 =
1021 1153 1081 1220 Γ,
1107 1153 1161 1204 Γ
1184 1151 1352 1204 cubus
1379 1153 1476 1202 est.
1539 1152 1594 1202 eb
1625 1167 1757 1218 quo-

57 1250 65 1280 ¹
468 1236 519 1276 ¹3
593 1243 741 1294 niam
776 1246 830 1294 A
854 1243 1164 1309 ><A==B,
1197 1244 1250 1292 A
1288 1241 1644 1309 numerum-B
1678 1256 1757 1290 se-

57 1315 517 1389 Ι---’--Γ“ἱ
596 1330 828 1384 eundum
852 1330 1086 1382 unitates
1113 1348 1239 1382 suas
1266 1330 1505 1383 metitur.
1568 1346 1758 1380 uerum

68 1424 234 1475 etiam
280 1423 460 1475 unitas
505 1438 791 1473 numerum
837 1422 891 1470 A
947 1418 1242 1472 secundum
1287 1418 1525 1471 unitates
1582 1417 1757 1486 ipsius

65 1511 303 1564 metitur.
357 1511 539 1579 itaque
567 1511 595 1561 1
616 1513 698 1561 :A
715 1533 786 1550 =
803 1512 856 1560 A
875 1527 887 1560 ε
906 1511 968 1560 Β.
1025 1510 1079 1559 et
1105 1507 1361 1576 quoniam
1387 1511 1440 1560 A
1458 1518 1529 1563 ><
1548 1510 1594 1559 Β
1611 1532 1680 1549 =
1700 1507 1759 1576 Γ,

68 1604 116 1652 Β
155 1617 439 1652 numerum
479 1600 533 1651 Γ
564 1597 853 1650 secundum
892 1596 1132 1648 unitates
1170 1597 1383 1648 numeri
1421 1600 1474 1648 A
1522 1596 1759 1649 meizitur.

70 1707 258 1742 uerum
305 1687 467 1740 etiam
515 1688 697 1739 unitas
743 1703 1026 1739 numerum
1075 1689 1129 1737 A
1174 1685 1466 1738 seeundum
1519 1684 1760 1737 uniffiates

68 1779 238 1847 ipsius
278 1776 516 1830 metissur.
591 1777 774 1844 itaque
818 1775 845 1826 1
873 1793 885 1826 ε
912 1778 964 1826 A
988 1798 1058 1816 -—-
1083 1777 1130 1826 B
1158 1793 1169 1826 :
1195 1775 1254 1826 Γ.
1332 1774 1424 1826 sed.

691 1881 718 1931 1
746 1899 758 1932 z
783 1884 836 1931 A
862 1904 931 1922 =
959 1882 1011 1931 A
1034 1898 1046 1930 :
1071 1882 1135 1931 Β.

66 2003 230 2056 quare
270 1985 433 2037 etiam
473 1987 524 2034 A
556 2002 567 2034 :
600 1985 647 2033 Β
681 2005 750 2024 =
784 1984 831 2033 Β
865 2000 876 2032 :
910 1983 969 2034 Γ.
1047 1983 1101 2033 et
1141 1981 1397 2050 quoniam
1440 1983 1487 2032 B
1498 2023 1512 2050 ,
1545 1982 1598 2032 Γ
1638 1980 1762 2033 cubi

77 2078 221 2142 sunt,
252 2072 453 2126 similes
488 2072 614 2124 sunt
647 2069 817 2123 solidi.
893 2070 1079 2139 itaque
1111 2070 1252 2137 insser
1285 2073 1347 2137 Β,
1381 2071 1434 2121 Γ
1461 2068 1566 2122 duo
1599 2069 1764 2122 medii

70 2161 503 2232 proportionales
558 2162 684 2212 sunt
727 2159 939 2212 numeri
998 2157 1186 2227 [VIIL
1234 2158 1349 2225 19].
1443 2161 1526 2212 esi:
1582 2161 1763 2210 autem

76 2398 142 2442 sic
174 2397 276 2453 ch.
400 2401 470 2441 11.
510 2397 737 2451 πεποίηκε
770 2394 873 2451 ch.
999 2399 1066 2441 13.
1109 2390 1212 2439 ἔστί
1236 2393 1338 2450 Vq).
1464 2390 1637 2439 ἑαυτὸν
1676 2391 1764 2448 μέν

75 2455 228 2513 Bch.
285 2484 289 2490 ·
382 2460 452 2500 14.
492 2456 721 2512 πεποίηκε
764 2455 869 2511 Vq).
1023 2449 1048 2497 ὃ
1089 2458 1125 2497 Α
1165 2449 1338 2509 ἄραι-
1365 2458 1442 2498 223
1483 2448 1632 2504 οὕτως
1671 2448 1696 2496 ὁ
1730 2456 1766 2496 Α

74 2512 194 2569 πρὸς
231 2510 315 2559 τὸν
356 2515 420 2574 Β]
460 2515 520 2572 P,
559 2511 643 2559 τὸν
685 2511 737 2558 δὲ
779 2516 814 2557 Β
846 2509 1255 2564 πολλαπλασιάσας
1293 2510 1377 2557 τὸν
1419 2515 1463 2556 Γ
1503 2513 1765 2569 πεποίηκεν

77 2575 241 2620 Theon
273 2573 457 2632 (Ban).
610 2578 679 2618 22.
715 2573 778 2631 Β]
814 2573 863 2616 in
903 2587 990 2618 ras,
1023 2572 1073 2617 P.
1224 2577 1296 2618 23.
1329 2573 1438 2631 καί]
1480 2586 1569 2617 om.
1611 2571 1764 2627 BVqJ.

80 2630 106 2678 ὁ
143 2635 204 2692 Β]
238 2647 377 2690 supra
408 2650 457 2690 φ.
582 2638 653 2679 24.
687 2632 778 2677 εἰσι
811 2632 912 2689 Vq).
1036 2636 1105 2677 25.
1141 2634 1197 2691 B,
1234 2632 1299 2690 Γ]
1333 2635 1393 2689 Α,
1429 2635 1463 2675 Β
1503 2631 1553 2676 Ρ.
