1988 3152
233 98 309 150 44
874 95 1210 138 ΣΤΟΙΧΕΙΩΝ
1242 91 1302 140 ε’.

1035 280 1082 314 ιε
1110 301 1122 313 .

354 361 441 418 Τὰ
489 363 650 433 μέρη
691 371 830 426 τοῖς
877 357 1188 426 ὡσαύτως
1242 364 1764 426 πολλαπλασίοις
1811 359 1926 416 τὸν

238 449 442 507 αὐτὸν
483 455 617 522 ἔχει
657 449 860 520 λόγον
899 450 1242 520 ληφθέντα
1281 448 1675 519 κατάλληλα.
1984 435 1988 460 ‘⁵

334 539 515 595 ’'E6tco
556 537 664 611 γὰρ
706 536 886 603 ἰσάκις
924 536 1344 593 πολλαπλάσιον
1383 536 1444 592 τὸ
1486 543 1594 592 ΑΒ
1627 541 1728 593 τοῦ
1762 543 1815 592 Γ
1837 538 1928 592 καὶ

179 638 205 678 5
238 650 299 684 το
344 634 462 683 ΔΕ
497 630 598 682 τοῦ
640 633 706 682 Ζ·
754 627 924 697 λέγω,
966 624 1052 696 ὅτι
1093 625 1243 681 ἐστὶν
1284 623 1358 691 ὡς
1396 625 1457 680 τὸ
1500 631 1553 680 Γ
1584 625 1724 697 πρὸς
1762 625 1824 682 τὸ
1867 632 1930 696 Ζ,
1984 633 1988 693 3

241 718 418 782 οὕτως
456 714 519 772 τὸ
560 722 668 771 ΑΒ
707 714 848 788 πρὸς
886 714 949 770 τὸ
992 720 1119 769 ΔΕ.

346 803 495 860 Ἐπεὶ
542 803 650 875 γὰρ
700 804 880 870 ἰσάκις
929 803 1043 859 ἐστὶ
1090 802 1508 858 πολλαπλάσιον
1564 801 1625 858 τὸ
1674 809 1783 858 ΑΒ
1830 804 1932 857 τοῦ

238 899 292 950 Γ
322 894 415 949 καὶ
453 892 516 949 τὸ
561 899 678 948 ΔΕ
712 896 814 948 τοῦ
856 898 926 962 Ζ,
978 890 1082 946 ὅσα
1130 893 1238 963 ἄρα
1285 892 1436 947 ἐστὶν
1485 893 1545 947 ἐν
1586 895 1660 967 τῷ
1694 897 1803 946 ΑΒ
1842 912 1932 961 με-
1985 950 1988 963 ¹,

237 983 379 1054 γε’θη
429 989 522 1037 ἴσα
575 984 650 1057 τῷ
707 985 778 1051 Γ,
826 982 1069 1035 τοσαῦτα
1116 979 1207 1034 καὶ
1256 981 1316 1035 ἐν
1355 982 1430 1055 τῷ
1474 985 1590 1034 ΔΕ
1625 985 1718 1034 ἴσα
1757 981 1831 1054 τῷ
1874 985 1933 1034 Ζ.
1985 967 1988 988 ³

150 1080 205 1120 10
241 1071 535 1144 διῃρήσθω
587 1068 649 1125 τὸ
699 1069 801 1141 μὲν
850 1075 959 1124 ΑΒ
1000 1071 1078 1134 εἰς
1116 1068 1181 1125 τὰ
1223 1071 1297 1143 τῷ
1332 1072 1385 1123 Γ
1410 1074 1502 1123 ἴσα
1535 1066 1600 1123 τὰ
1632 1073 1769 1138 ΑΗ,
1804 1073 1933 1137 ΗΘ,
1986 1127 1988 1146 ¹

237 1166 370 1231 ΘΒ,
421 1159 483 1215 τὸ
534 1157 596 1214 δὲ
637 1164 755 1213 ΔΕ
791 1160 869 1223 εἰς
915 1155 981 1212 τὰ
1021 1158 1096 1232 τῷ
1139 1162 1184 1211 Ζ
1225 1163 1318 1211 ἴσα
1356 1154 1423 1210 τὰ
1465 1159 1932 1225 ΔΚ,ΚΛ,ΛΕ·
1986 1153 1988 1159 ’

240 1253 392 1305 ἔσται
433 1245 502 1319 δὴ
544 1253 671 1302 ἴσον
710 1244 772 1302 τὸ
814 1248 1036 1316 πλῆθος
1075 1247 1187 1300 τῶν
1219 1250 1367 1313 ΑΗ,
1392 1250 1530 1314 ΗΘ,
1556 1249 1659 1299 ΘΒ
1692 1247 1767 1318 τῷ
1798 1243 1933 1315 πλή-
1984 1281 1988 1319 ².

239 1346 333 1394 θει
379 1340 492 1393 τῶν
542 1340 685 1405 ΔΚ,
723 1339 861 1404 ΚΛ,
901 1340 1026 1390 ΛΕ.
1101 1333 1194 1389 καὶ
1236 1333 1350 1389 ἐπεὶ
1391 1339 1484 1387 ἴσα
1534 1333 1647 1388 ἐστὶ
1693 1331 1759 1387 τὰ
1799 1338 1937 1403 ΑΗ,

239 1432 380 1496 ΗΘ,
413 1430 515 1481 ΘΒ
572 1422 859 1495 ἀλλήλοις,
924 1426 1038 1478 ἔστι
1094 1421 1155 1478 δὲ
1208 1421 1302 1477 καὶ
1356 1419 1421 1476 τὰ
1478 1426 1621 1491 ΛΚ,
1655 1426 1794 1491 ΚΛ,
1827 1427 1940 1476 ΛΕ
1986 1447 1988 1495 j

154 1523 207 1563 15
245 1522 338 1571 ἴσα
392 1512 680 1584 ἀλλήλοις,
736 1515 888 1567 ἔστιν
945 1509 1054 1582 ἄρα
1109 1508 1183 1576 ὡς
1235 1509 1298 1565 τὸ
1340 1515 1466 1565 ΑΗ
1505 1507 1643 1582 πρὸς
1689 1508 1750 1565 τὸ
1800 1515 1936 1580 ΛΚ,

243 1605 420 1669 οὕτως
457 1601 519 1657 τὸ
562 1606 674 1656 ΗΘ
713 1598 852 1673 πρὸς
890 1598 953 1655 τὸ
995 1605 1135 1670 ΚΛ,
1175 1599 1268 1654 καὶ
1306 1597 1368 1654 τὸ
1403 1605 1506 1654 ΘΒ
1537 1597 1676 1670 πρὸς
1707 1596 1770 1653 τὸ
1814 1603 1938 1653 ΛΕ.
1986 1620 1988 1627 ·

243 1697 394 1748 ἔσται
446 1689 555 1763 ἄρα
608 1690 701 1745 καὶ
758 1687 832 1755 ὥς
879 1691 940 1744 ἓν
987 1691 1101 1744 τῶν
1150 1686 1479 1760 ἡγουμένων
1526 1687 1666 1760 πρὸς
1714 1690 1774 1742 ἓν
1823 1690 1936 1743 τῶν
1985 1685 1988 1737 ἶ

244 1781 558 1852 ἑπομένων,
608 1779 784 1844 οὕτως
831 1776 1049 1833 ἅπαντα
1096 1775 1162 1832 τὰ
1209 1774 1497 1848 ἡγούμενα
1536 1774 1675 1847 πρὸς
1722 1775 1939 1831 ἅπαντα
1986 1763 1988 1770 ¹

242 1869 308 1926 τὰ
374 1869 638 1940 ἑπόμενα·
703 1871 853 1922 ἔστιν
909 1864 1019 1937 ἄρα
1075 1862 1149 1931 ὡς
1202 1863 1263 1921 τὸ
1321 1870 1449 1919 ΑΗ
1486 1863 1626 1935 πρὸς
1679 1863 1741 1919 τὸ
1801 1870 1937 1935 ΛΚ,
1982 1857 1987 1863 ’

153 1967 211 2008 20
245 1959 423 2023 οὕτως
478 1956 540 2013 τὸ
594 1962 702 2012 ΑΒ
758 1955 898 2026 πρὸς
950 1952 1013 2010 τὸ
1072 1960 1199 2009 ΔΕ.
1279 1960 1403 2009 ἴσον
1452 1952 1514 2008 δὲ
1560 1950 1622 2008 τὸ
1670 1952 1772 2023 μὲν
1819 1958 1946 2008 ΑΗ

242 2049 316 2122 τῷ
374 2050 444 2115 Γ,
501 2043 563 2100 τὸ
615 2043 677 2099 δὲ
727 2048 848 2098 ΔΚ
890 2045 966 2118 τῷ
1021 2048 1088 2097 Ζ·
1139 2045 1290 2097 ἔστιν
1338 2039 1448 2112 ἄρα
1496 2038 1569 2106 ὡς
1608 2039 1670 2096 τὸ
1712 2044 1766 2096 Γ
1796 2039 1936 2111 πρὸς

243 2133 306 2191 τὸ
350 2140 394 2189 Ζ
435 2132 612 2198 οὕτως
650 2131 713 2188 τὸ
755 2137 864 2187 ΑΒ
904 2129 1043 2203 πρὸς
1080 2129 1143 2186 τὸ
1187 2136 1314 2185 ΔΕ.

364 2222 443 2278 Τὰ
500 2221 609 2294 ἄρα
663 2221 802 2293 μέρη
858 2230 974 2285 τοῖς
1030 2217 1294 2284 ὡσαύτως
1348 2222 1783 2283 πολλαπλασίοις
1837 2218 1938 2273 τὸν

248 2310 423 2368 αὐτὸν
480 2314 589 2382 ἔχει
653 2307 826 2379 λόγον
887 2307 1180 2378 ληφθέντα
1237 2305 1571 2378 κατάλληλα·
1638 2304 1772 2378 ὅπερ
1829 2309 1941 2362 ἔδει

156 2414 212 2455 25
246 2402 435 2466 δεῖξαι.

364 2546 466 2592 XV.
499 2547 687 2603 Pappus
719 2545 763 2590 V
793 2559 839 2602 p.
873 2546 982 2598 338,
1013 2548 1054 2587 4.

370 2701 410 2741 5.
447 2691 593 2752 ἐστίν]
626 2709 686 2739 m.
721 2699 746 2736 2
779 2692 830 2737 F.
956 2697 994 2736 7.
1032 2687 1156 2736 ἐστίν
1188 2690 1272 2793 F.Z
1361 2694 1400 2735 8.
1436 2689 1635 2748 μεγέθει
1666 2691 1721 2736 V.
1869 2696 1938 2736 11.

250 2753 316 2806 εἰς
354 2751 411 2798 τοὶ
454 2754 516 2811 τῷ
563 2754 614 2809 Ζ]
653 2752 703 2796 in
742 2766 832 2796 ras.
873 2766 934 2796 m
975 2756 1001 2794 2
1042 2751 1097 2796 V.
1338 2763 1432 2805 seq.
1472 2763 1560 2795 ras.
1603 2755 1629 2796 3
1667 2750 1759 2795 litt.
1800 2749 1864 2803 V;
1905 2753 1940 2794 Z

248 2813 431 2871 μεγέθη
464 2800 556 2870 B.p
712 2816 779 2855 12.
814 2811 923 2869 ΘΒ]
959 2811 1095 2865 ΘΕφ
1131 2753 1275 2867 (nonZ'
1311 2810 1350 2866 >,
1398 2810 1488 2854 ΒΘ
1517 2808 1570 2854 Β
1725 2814 1794 2854 13.
1827 2809 1937 2867 ΚΛ]

251 2876 344 2917 ΗΛ
377 2872 431 2917 V.
496 2874 574 2917 ἴσα
607 2867 822 2927 ἀλλήλοις
853 2870 911 2915 V.
1035 2866 1159 2913 ἐστίν
1190 2866 1243 2911 Β.
1383 2873 1452 2914 14.
1492 2864 1724 2927 ἀλλήλοις]
1760 2883 1849 2914 om.
1882 2868 1938 2914 V.
