1988 3152
231 116 303 169 82
855 115 1190 159 ΣΤΟΙΧΕΙῼΝ
1221 115 1253 158 ς
1262 113 1289 158 ’.

325 233 506 290 ’Ἑστω
561 237 842 306 τρίγωνον
894 231 958 289 τὸ
999 237 1181 303 ΑΒΓ,
1233 233 1326 289 καὶ
1376 233 1667 305 τετμήσθω
1715 231 1748 305 ἡ
1804 226 1914 290 ὑπὸ

229 312 403 378 ΒΑΓ
448 326 626 393 γωνία
677 325 805 393 δίχα
853 319 963 378 ὑπὸ
1016 326 1116 394 τῆς
1154 329 1271 377 AA
1310 320 1556 388 εὐθείας·
1609 323 1778 393 λέγω,
1829 322 1916 379 ὅτι

230 410 380 466 ἐστὶν
436 408 511 475 ὥς
564 408 598 482 ἡ
638 416 752 465 BA
789 409 930 484 πρὸς
977 409 1080 482 τὴν
1120 415 1255 482 ΓΛ,
1307 408 1485 476 οὕτως
1534 408 1569 482 ἡ
1620 417 1731 466 BA
1777 411 1920 484 πρὸς
1971 472 1976 475 ,

227 499 330 570 τὴν
370 503 492 553 ΑΓ.

168 597 195 638 5
325 585 524 659 Ἴ-Ιχθω
563 577 671 661 γὰρ
712 585 806 643 διὰ
835 590 936 643 τοῦ
975 593 1028 643 Γ
1058 590 1124 660 τῇ
1167 595 1283 642 AA
1320 586 1673 660 παράλληλος
1718 585 1752 659 ἡ
1791 592 1916 657 ΓΕ,

226 676 319 731 καὶ
374 679 670 748 διαχθεῖσα
723 674 758 748 ἡ
798 682 910 732 BA
945 677 1296 747 συμπιπτέτω
1352 676 1491 748 αὐτῇ
1545 674 1683 731 κατὰ
1736 674 1799 732 τὸ
1852 683 1917 731 Ε.

339 764 451 819 Καὶ
506 766 623 821 ἐπεὶ
677 768 755 831 εἰς
800 763 1190 836 παραλλήλους
1242 763 1341 829 τὰς
1387 770 1530 834 ΑΔ,
1563 767 1674 818 ΕΓ
1720 762 1916 820 εὐθεῖα

227 853 485 909 ἐνέπεσεν
539 851 573 924 ἡ
621 856 746 924 ΑΓ,
809 851 844 924 ἡ
902 852 1011 926 ἄρα
1063 850 1174 909 ὑπὸ
1221 857 1392 908 ΑΓΕ
1433 856 1613 923 γωνία
1661 859 1752 923 ἴση
1801 852 1916 908 ἐστὶ

225 944 291 1014 τῇ
339 938 449 997 ὑπὸ
497 946 677 1009 ΓΑΔ.
754 939 878 997 ἀλλ’
912 940 945 1013 ἡ
988 939 1098 997 ὑπὸ
1130 945 1303 996 ΓΑΔ
1333 945 1399 1014 τῇ
1431 939 1542 997 ὑπὸ
1575 946 1750 996 BAA
1780 938 1916 996 ὑπό-

143 1039 197 1079 10
228 1027 402 1085 κειται
442 1037 556 1102 ἴση·
595 1030 687 1085 καὶ
725 1027 759 1102 ἡ
801 1027 910 1086 ὑπὸ
950 1035 1129 1086 ΒΑΔ
1168 1028 1277 1104 ἄρα
1314 1032 1380 1102 τῇ
1420 1027 1532 1085 ὑπὸ
1565 1035 1738 1085 ΑΓΕ
1766 1030 1918 1086 ἐστιν

227 1126 334 1190 ἴση.
410 1117 607 1190 πάλιν,
656 1119 772 1175 ἐπεὶ
819 1121 898 1185 εἰς
943 1118 1333 1191 παραλλήλους
1377 1139 1476 1183 τας
1519 1124 1656 1189 ΑΛ,
1682 1123 1792 1174 ΕΓ
1832 1119 1916 1174 εὐ-

225 1215 358 1264 θεῖα
406 1207 663 1264 ἐνέπεσεν
711 1206 745 1280 ἡ
787 1213 982 1280 ΒΑΕ,
1029 1205 1064 1279 ἡ
1105 1206 1260 1272 ἐκτὸς
1297 1210 1476 1278 γωνία
1513 1204 1548 1278 ἡ
1588 1205 1698 1263 ὑπὸ
1740 1212 1917 1262 ΒΑΔ

227 1303 318 1368 ἴση
379 1297 493 1353 ἐστὶ
549 1300 614 1371 τῇ
656 1295 813 1363 ἐντὸς
858 1300 923 1370 τῇ
963 1295 1073 1352 ὑπὸ
1116 1301 1297 1353 ΑΕΓ.
1372 1299 1597 1369 ἐδείχθη
1646 1296 1708 1352 δὲ
1748 1296 1840 1351 καὶ
1879 1293 1915 1367 ἡ

225 1381 336 1439 ὑπὸ
378 1390 547 1441 ΑΓΕ
581 1388 647 1459 τῇ
687 1382 796 1441 ὑπὸ
838 1388 1014 1440 BAA
1061 1390 1176 1456 ἴση·
1222 1385 1315 1440 καὶ
1362 1383 1397 1456 ἡ
1448 1382 1559 1441 ὑπὸ
1594 1389 1762 1440 ΑΓΕ
1806 1382 1917 1456 ἄρα

138 1481 193 1522 15
226 1476 404 1543 γωνία
449 1476 515 1545 τῇ
563 1470 674 1529 ὑπὸ
726 1477 903 1528 ΑΕΓ
934 1474 1085 1528 ἐστιν
1125 1479 1239 1544 ἴση·
1311 1471 1450 1529 ὥστε
1496 1472 1589 1527 καὶ
1627 1471 1837 1545 πλευρὰ
1879 1469 1915 1543 ἡ

225 1568 341 1617 ΑΕ
389 1564 602 1636 πλευρᾷ
658 1566 723 1635 τῇ
778 1566 895 1617 ΑΓ
931 1563 1085 1618 ἐστιν
1141 1567 1250 1634 ἴση.
1331 1561 1425 1617 καὶ
1473 1560 1588 1617 ἐπεὶ
1635 1559 1917 1633 τριγώνου

223 1652 326 1705 τοῦ
365 1646 530 1706 ΒΓΕ
564 1648 714 1724 παρὰ
753 1654 887 1722 μίαν
925 1653 1041 1707 τῶν
1080 1652 1337 1723 πλευρῶν
1375 1647 1479 1722 τὴν
1519 1654 1630 1705 ΕΓ
1669 1643 1832 1722 ἦκται
1878 1645 1914 1719 ἡ

224 1745 369 1809 ΑΔ,
416 1737 704 1810 ἀνάλογον
750 1737 863 1812 ἄρα
912 1740 1063 1795 ἐστὶν
1112 1737 1188 1805 ὡς
1232 1737 1267 1812 ἡ
1306 1745 1421 1794 BA
1459 1737 1599 1812 πρὸς
1643 1737 1747 1810 τὴν
1787 1741 1917 1806 ΔΓ,

226 1824 403 1893 οὕτως
448 1825 486 1899 ἡ
527 1834 638 1883 BA
671 1827 815 1902 ’πρὸς
858 1827 962 1899 τὴν
1002 1834 1126 1884 ΑΕ.
1213 1835 1303 1900 ἴση
1354 1827 1418 1884 δὲ
1455 1826 1490 1899 ἡ
1531 1833 1646 1883 ΑΕ
1679 1831 1745 1901 τῇ
1786 1830 1914 1882 ΑΓ·

135 1924 194 1965 20
227 1912 301 1981 ὡς
354 1914 465 1987 ἄρα
515 1913 550 1987 ἡ
605 1923 720 1972 BA
773 1916 913 1990 πρὸς
965 1915 1069 1988 τὴν
1118 1920 1245 1987 ΔΓ,
1299 1914 1478 1982 οὕτως
1530 1915 1565 1988 ἡ
1613 1922 1723 1972 ΒΑ
1777 1915 1918 1987 πρὸς

224 2003 328 2075 τὴν
368 2010 488 2060 ΑΓ.

331 2092 494 2148 Ἀλλὰ
549 2092 619 2164 δὴ
668 2097 806 2149 ἔστω
854 2116 929 2159 ως
975 2091 1010 2165 ἡ
1060 2099 1173 2148 BA
1217 2092 1358 2165 πρὸς
1409 2092 1514 2165 τὴν
1562 2098 1689 2163 ΔΓ,
1738 2090 1916 2158 οὕτως

223 2179 258 2252 ἡ
307 2187 418 2236 BA
463 2180 603 2254 πρὸς
646 2181 752 2253 τὴν
801 2187 925 2252 ΑΓ,
978 2181 1073 2237 καὶ
1120 2180 1430 2252 ἐπεζεύχθω
1477 2179 1512 2253 ἡ
1559 2187 1697 2237 AA·
1754 2181 1914 2252 λέγω,

227 2267 311 2324 ὅτι
359 2273 487 2341 δίχα
534 2270 791 2342 τέτμηται
839 2267 875 2342 ἡ
923 2267 1033 2326 ὑπὸ
1074 2275 1247 2325 ΒΑΓ
1285 2273 1465 2341 γωνία
1508 2266 1620 2324 ὑπὸ
1658 2277 1756 2340 τῆς
1794 2276 1847 2324 Α
1858 2275 1914 2323 Δ

135 2365 192 2407 25
226 2355 466 2424 εὐθείας.

343 2450 470 2503 Τῶν
523 2446 632 2520 γὰρ
687 2446 876 2503 αὐτῶν
936 2446 1530 2517 κατασκευασθέντων,
1593 2446 1715 2501 ἐπεί
1764 2447 1915 2502 ἐστιν

226 2532 301 2600 ’ὥς
338 2533 373 2607 ἡ
413 2541 527 2591 BA
564 2535 704 2609 πρὸς
740 2535 844 2608 τὴν
885 2540 1020 2606 ΔΓ,
1062 2533 1239 2601 οὕτως
1275 2533 1310 2607 ἡ
1351 2532 1765 2607 ΒΑῑπρὸςτὴν
1787 2536 1914 2604 ΑΓ,

226 2620 369 2679 ἀλλὰ
407 2625 500 2679 καὶ
540 2621 615 2690 ὡς
652 2621 687 2696 ἡ
728 2630 842 2680 ΒΔ
872 2623 1011 2698 πρὸς
1041 2622 1143 2696 τὴν
1177 2628 1305 2694 ΛΓ,
1346 2620 1523 2688 οὕτως
1554 2622 1704 2679 ἐστὶν
1736 2620 1770 2693 ἡ
1802 2628 1914 2678 BA

347 2778 386 2817 1.
432 2773 540 2847 καί]
593 2782 734 2830 supra
777 2773 828 2818 F.
951 2778 991 2818 3.
1043 2773 1155 2831 ΓΔ]
1204 2774 1304 2816 ΛΓ
1343 2771 1395 2816 P.
1518 2765 1807 2821 ’1.ευθείας
1851 2768 1908 2815 V.

286 2836 325 2876 8.
367 2829 611 2903 ἐνέπεσεν]
644 2832 731 2889 Ρφ
762 2832 863 2905 Bp;
905 2828 1212 2904 ἐμπέπτωκεν
1243 2830 1297 2876 V.
1421 2825 1547 2874 ἐστίν
1586 2829 1644 2884 P,
1685 2841 1836 2886 comp.
1863 2843 1911 2885 -.p

227 2895 267 2935 9.
300 2886 419 2935 αλλα
450 2891 501 2935 Ρ.
656 2896 724 2939 11.
758 2867 954 2950 εὐθεῖα]
997 2887 1198 2942 εὐθείας
1236 2889 1399 2935 addito
1443 2884 1616 2934 εὐθεῖα
1646 2888 1695 2933 in
1725 2903 1818 2946 mg.
1849 2902 1911 2932 m.
