1988 3152
524 63 983 104 ELEMENTORUM
1013 62 1195 103 LIBER
1224 62 1323 103 vn.
1664 57 1774 110 255

77 183 257 251 primi,
331 182 442 234 iam
488 181 537 233 si
575 184 651 248 A,
683 184 752 248 Β,
783 183 836 233 Γ
875 180 1018 232 inter
1065 198 1122 232 se
1161 179 1326 248 primi
1365 180 1514 247 sunt,
1561 177 1773 230 minimi

81 274 212 324 sunt
242 288 442 338 eorum,
475 269 570 338 qui
601 268 828 321 eandem
858 268 1127 320 rassionem
1158 267 1366 320 habent
1398 267 1571 336 [prop.
1603 265 1775 332 XXI].

87 366 142 489 ΙΛ

719 357 806 408 sin
859 355 1060 422 mirmS,
1126 356 1370 407 sumatur
1423 372 1771 408 numerorum

207 370 261 531 ῙΙΒ
450 364 481 501 i
601 450 677 512 A,
709 448 773 508 Β,
804 446 856 496 Γ
889 444 1128 496 maxima
1173 461 1429 495 mensura
1469 442 1773 496 communis

74 485 103 606 1
205 525 391 683 Tr
444 522 487 560 A
602 538 656 585 A
699 534 880 602 [prop.
912 529 1110 602 III]1)‚
1152 535 1206 583 eh
1245 531 1456 600 quossies
1500 535 1555 583 A
1594 532 1774 600 singu-

193 688 223 693 —
503 637 555 678 Η
598 621 682 674 los
737 638 991 673 numeros
1038 624 1116 688 A,
1147 623 1218 687 Β,
1261 622 1314 672 Γ
1373 620 1618 688 metitur,
1687 622 1774 672 tois

88 724 118 730 “
99 724 319 856 TM
207 725 237 785 T
267 725 342 786 Τ
386 693 539 846 -ῙῙ-
598 710 837 762 unitaizes
901 708 1010 762 sint
1063 709 1121 761 in
1177 708 1407 778 singulis
1471 712 1542 776 E,
1587 712 1658 776 Z,
1698 709 1773 761 H.

87 805 118 811 “
145 850 176 855 -
445 849 476 855 -
635 816 765 850 uare
820 797 988 850 etiam
1038 798 1120 850 sin
1163 798 1241 850 uli
1294 801 1347 849 E
1397 800 1442 848 Z
1500 799 1567 848 H
1591 796 1675 848 sin
1717 815 1773 849 u·

81 829 122 872 Θ
138 875 239 944 ΚΛ
206 790 319 898 [M
381 815 423 856 Ε
446 873 482 914 Z
504 908 535 914 -
594 817 677 940 3³3
710 891 781 953 A,
813 889 876 955 Β,
909 888 963 938 Γ
981 815 1272 939 secungdum
1296 837 1533 938 uriitaizes
1556 813 1770 937 numi-ri

74 980 131 1028 A
154 977 449 1029 metiuntur
476 977 651 1045 [prop.
669 974 815 1041 XV].
868 975 1055 1043 i’naque
1081 978 1143 1043 E,
1162 978 1226 1041 Z,
1243 977 1309 1026 H
1323 991 1581 1026 numeros
1617 978 1684 1041 A,
1710 976 1773 1042 Β,

70 1067 124 1117 Γ
152 1064 449 1133 aequaliter
480 1064 791 1117 metiunizur.
854 1063 1038 1132 itaque
1070 1066 1137 1130 Ε,
1171 1066 1231 1130 Ζ,
1261 1066 1329 1115 Η
1354 1065 1408 1114 et
1438 1066 1508 1128 A,
1540 1065 1606 1129 Β,
1630 1064 1684 1114 Γ
1715 1062 1774 1113 in

70 1153 258 1206 eadem
310 1154 522 1205 ratione
579 1154 708 1204 sunt
765 1150 899 1217 [def.
940 1152 1059 1217 20].
1142 1152 1254 1203 iam
1310 1151 1456 1218 dico,
1505 1153 1577 1219 E,
1611 1153 1682 1217 Z,
1715 1152 1781 1201 H

71 1242 236 1294 etiam
282 1241 536 1294 minimos
585 1258 717 1293 esse.
801 1257 929 1292 nam
977 1240 1022 1291 si
1075 1242 1146 1308 E,
1180 1242 1250 1307 Z,
1282 1242 1348 1291 H
1394 1238 1607 1291 minimi
1659 1255 1774 1290 non

69 1333 196 1382 sunt
228 1347 427 1397 eorum,
467 1329 559 1398 qui
599 1327 825 1381 eandem
863 1328 1132 1380 rationem
1169 1327 1377 1380 habent
1418 1345 1480 1379 ac
1512 1331 1583 1395 A,
1616 1329 1679 1394 Β,
1712 1328 1772 1397 Γ,

67 1421 227 1470 erunt
257 1417 471 1470 numeri
501 1416 742 1468 numeris
782 1420 846 1484 E,
880 1419 942 1484 Z,
975 1418 1042 1467 H
1074 1416 1325 1485 minores,
1365 1416 1457 1485 qui
1495 1415 1552 1466 in
1584 1415 1772 1468 eadem

66 1506 275 1558 ratione
331 1505 438 1558 sint
496 1522 559 1557 ao
613 1508 688 1573 A,
719 1508 789 1572 Β,
821 1506 881 1557 Γ.
967 1503 1076 1556 sint
1122 1507 1191 1572 Θ,
1222 1506 1299 1572 Κ,
1332 1506 1398 1557 Λ.
1482 1504 1666 1572 iraque
1721 1507 1768 1555 Θ

68 1612 351 1646 numerum
390 1597 444 1645 A
483 1595 538 1645 et
576 1595 804 1661 uterque
844 1595 925 1660 K,
957 1595 1010 1643 A
1048 1594 1339 1661 utrumque
1379 1595 1454 1659 Β,
1486 1593 1541 1643 Γ
1573 1609 1769 1660 aequa-

68 1683 196 1735 liter
235 1681 474 1735 metitur.
552 1681 762 1750 quoties
803 1683 985 1733 autem
1024 1683 1071 1732 Θ
1108 1698 1394 1733 numerum
1433 1685 1487 1733 A
1533 1679 1772 1748 metitur,

70 1773 156 1823 tot
201 1770 437 1822 unitates
484 1770 594 1821 sint
643 1768 703 1820 in
751 1771 829 1820 M.
908 1786 1073 1836 quare
1121 1769 1287 1821 etiam
1334 1770 1560 1836 uterque
1608 1770 1686 1835 K,
1719 1769 1771 1818 A

69 1861 357 1927 utrumque
398 1860 460 1926 B,
492 1858 545 1909 Γ
578 1855 871 1909 secundum
910 1856 1147 1908 unitates
1187 1856 1404 1908 numeri
1436 1859 1511 1908 M
1533 1855 1772 1908 metitur.

66 1949 121 1999 et
161 1947 418 2016 quoniam
456 1948 504 1997 Θ
541 1962 828 1997 numerum
867 1948 921 1996 A
961 1944 1255 1997 secundum
1286 1943 1526 1996 unitates
1557 1945 1769 1996 numeri

66 2038 140 2087 M
171 2034 419 2102 metitur,
461 2033 626 2085 etiam
666 2035 740 2084 M
769 2049 1055 2085 numerum
1094 2037 1147 2085 A
1188 2032 1480 2086 secundum
1526 2032 1768 2084 unibates

66 2122 277 2176 numeri
322 2125 370 2175 Θ
415 2121 636 2174 metitur
683 2122 864 2190 [prop.
905 2119 1059 2187 XV].
1144 2121 1332 2173 eadem
1380 2120 1444 2173 de
1493 2138 1654 2173 eausa
1703 2123 1778 2172 M

66 2210 231 2263 etiam
285 2214 572 2279 utrumque
629 2212 700 2278 Β,
732 2211 786 2262 Γ
841 2209 1135 2262 secundum
1189 2209 1429 2262 unitates
1484 2209 1769 2280 utriusque

67 2301 145 2363 K,
176 2303 228 2351 A
273 2300 509 2352 metitur.
586 2301 659 2351 M
698 2297 869 2367 igitur
904 2315 1173 2369 ,numeros
1219 2301 1295 2366 A,
1326 2300 1397 2367 Β,
1428 2299 1483 2350 Γ
1529 2298 1768 2351 Πιθίῑίίῑιη.

70 2389 124 2439 et
163 2387 421 2456 quoniam
460 2389 507 2439 Θ
545 2403 832 2438 numerum
871 2389 925 2438 A
958 2385 1250 2438 secundum
1281 2385 1521 2438 unibates
1553 2387 1767 2439 numeri

68 2477 142 2526 M
180 2475 425 2542 metitur,
472 2474 575 2527 erit
622 2478 669 2527 Θ
700 2486 772 2530 ><
807 2477 880 2526 Μ
905 2498 973 2516 =
1007 2477 1072 2528 Α,
1109 2473 1234 2539 [def.
1280 2472 1387 2540 15].
1465 2474 1651 2526 eadem
1701 2473 1764 2525 de

195 2650 237 2703 1)
269 2647 384 2693 Cum
429 2644 636 2706 πόρισμα
679 2662 814 2706 prop.
862 2653 888 2692 3
939 2647 1148 2705 spurium
1196 2648 1277 2704 sit,
1316 2647 1536 2693 Euclides
1583 2647 1765 2693 tacite

69 2719 174 2751 eam
206 2706 267 2750 ad
298 2706 531 2762 quotlibet
560 2722 778 2752 numeros
809 2707 1073 2762 transtulit3
1108 2707 1190 2752 cfr.
1222 2722 1267 2765 p.
1301 2712 1387 2753 269
1419 2710 1515 2752 not.
