1988 3152
152 1098 207 1139 10

151 1538 205 1578 15

146 1988 202 2028 20

144 2429 200 2470 25

243 170 350 223 318
873 173 1210 216 ΣΤοΙΧΕΙῼΝ
1243 170 1306 230 η’.

334 288 627 345 ’Ἑστωσαν
682 288 786 345 δύο
834 287 1018 361 ὅμοιοι
1065 292 1316 346 ἐπίπεδοι
1362 289 1595 364 ἀριθμοὶ
1643 294 1702 348 oc
1746 301 1822 362 A,
1862 299 1930 364 Β,

240 377 333 431 καὶ
386 381 488 432 τοῦ
544 377 644 448 μὲν
691 385 745 432 A
793 378 1029 449 πλευραὶ
1076 382 1324 434 ἔστωσαν
1373 382 1431 435 οἱ
1474 385 1536 450 Γ,
1570 387 1626 434 A
1672 379 1929 453 ἀριθμοί,

240 469 343 520 τοῦ
397 465 459 520 δὲ
507 470 553 519 Β
603 467 661 520 οἰ
704 472 777 535 Ε,
812 472 870 521 Ζ.
947 466 1040 520 καὶ
1089 466 1204 522 ἐπεὶ
1252 467 1439 538 ὅμοιοι
1487 469 1742 525 ἐπίπεδοί
1786 474 1929 526 εἰσιν

242 555 300 608 οἰ
350 551 634 624 ἀνάλογον
681 558 898 625 ἔχοντες
941 553 1041 620 τὰς
1085 555 1351 627 πλευράς,
1406 559 1556 611 ἔστιν
1611 555 1720 629 ἄρα
1776 555 1850 623 ὡς
1896 557 1928 615 6

240 645 294 695 Γ
330 640 469 713 πρὸς
514 641 615 698 τὸν
657 649 734 713 A,
784 640 960 708 οὕτως
1006 640 1036 698 6
1078 649 1130 698 Ε
1171 643 1310 716 πρὸς
1347 642 1445 700 τὸν
1486 651 1545 699 Ζ.
1622 646 1763 715 λέγω
1805 641 1928 717 οὖν,

241 728 325 783 ὅτι
363 733 477 785 τῶν
514 738 582 801 A,
607 735 663 785 .Β
703 725 781 795 εἷς
819 731 985 801 μέσος
1022 730 1310 802 ἀνάλογόν
1350 733 1499 787 ἐστιν
1536 732 1796 804 ἀριθμός,
1836 736 1928 790 καὶ

241 814 270 871 6
318 824 371 871 A
422 815 559 889 πρὸς
603 816 703 873 τὸν
752 824 798 873 Β
855 822 1190 874 διπλασίονα
1237 819 1408 890 λόγον
1456 823 1563 891 ἔχει
1619 818 1758 894 ἤπερ
1807 820 1837 878 6
1884 827 1939 878 Γ

238 903 378 977 πρὸς
429 904 529 961 τὸν
578 911 630 959 Ε
672 902 706 976 ἢ
756 903 785 961 6
836 913 891 961 Δ
936 905 1073 978 πρὸς
1118 906 1218 962 τὸν
1259 913 1328 977 Ζ,
1376 909 1659 964 τουτέστιν
1706 908 1844 982 ἥπερ
1892 909 1927 982 ἡ

240 989 514 1064 ὁμόλογος
551 993 762 1066 πλευρὰ
803 992 942 1067 πρὸς
979 993 1084 1065 τὴν
1125 993 1404 1067 ὁμόλογον
1446 996 1755 1068 [πλευράν].

351 1082 465 1137 Καὶ
513 1083 635 1138 ἐπεί
676 1084 825 1137 ἐστιν
874 1080 949 1148 ὡς
988 1082 1018 1139 6
1059 1088 1112 1138 Γ
1150 1081 1287 1155 πρὸς
1323 1082 1423 1139 τὸν
1464 1091 1543 1155 A,
1593 1085 1770 1151 οὕτως
1809 1083 1838 1141 6
1882 1093 1933 1141 Ε

237 1170 375 1245 πρὸς
419 1170 519 1227 τὸν
568 1178 637 1241 Ζ,
693 1171 928 1238 ἐναλλὰξ
974 1170 1084 1244 ἄρα
1132 1174 1282 1229 ἐστὶν
1330 1171 1404 1238 ὡς
1458 1171 1488 1229 6
1547 1179 1601 1229 Γ
1645 1173 1781 1246 πρὸς
1827 1174 1929 1230 τὸν

238 1265 311 1330 Ε,
360 1257 390 1315 6
440 1266 493 1315 A
534 1258 676 1331 ,πρὸς
721 1259 820 1315 τὸν
861 1266 921 1316 Ζ.
996 1260 1088 1314 καὶ
1136 1260 1251 1315 ἐπεὶ
1299 1260 1555 1327 ἐπίπεδός
1595 1263 1745 1317 ἐστιν
1786 1261 1815 1318 ὁ
1855 1270 1926 1333 Α,

235 1347 469 1420 πλευραὶ
518 1347 580 1403 δὲ
628 1346 804 1403 αὐτοῦ
844 1351 902 1403 οἰ
938 1352 1008 1418 Γ,
1043 1355 1120 1418 A,
1162 1346 1192 1404 6
1234 1356 1288 1403 A
1334 1350 1444 1421 ἄρα
1488 1348 1587 1405 τὸν
1634 1355 1687 1405 Γ
1726 1357 1929 1406 πολλα-

236 1436 546 1502 πλασιάσας
591 1435 690 1491 τὸν
730 1441 783 1490 A
821 1441 1133 1507 πεποίηκεν.
1213 1435 1308 1492 διὰ
1355 1436 1421 1491 τὰ
1463 1436 1603 1493 αὐτὰ
1653 1436 1723 1509 δὴ
1762 1440 1852 1494 καὶ
1895 1439 1925 1495 6

238 1530 291 1580 Ε
324 1523 425 1580 τὸν
465 1531 510 1579 Ζ
549 1524 1040 1590 πολλαπλασιάσας
1076 1523 1175 1581 τὸν
1215 1530 1262 1580 Β
1301 1530 1612 1597 πεποίηκεν.
1690 1524 1720 1582 6
1761 1534 1816 1582 A
1856 1527 1926 1600 δὴ

235 1611 336 1669 τὸν
384 1619 437 1668 Ε
479 1611 966 1677 πολλαπλασιάσας
1015 1611 1116 1668 τὸν
1163 1619 1228 1668 Η
1265 1618 1505 1669 ποιείτω.
1589 1614 1682 1669 καὶ
1730 1616 1844 1670 ἐπεὶ
1896 1614 1927 1671 6

237 1708 292 1756 A
329 1699 429 1757 τὸν
468 1700 569 1772 μὲν
608 1705 661 1755 Γ
693 1700 1182 1766 πολλαπλασιάσας
1221 1699 1318 1756 τὸν
1357 1709 1409 1756 Α
1454 1707 1778 1773 πεποίηκεν,
1824 1703 1926 1760 τὸν

237 1789 299 1845 δὲ
353 1796 406 1844 Ε
454 1788 943 1854 πολλαπλασιάσας
996 1787 1094 1844 τὸν
1141 1795 1206 1844 Η
1242 1794 1567 1861 πεποίηκεν,
1619 1795 1768 1847 ἔστιν
1816 1792 1926 1866 ἄρα

235 1875 310 1943 ὥς
356 1875 386 1933 6
426 1883 476 1932 Γ
517 1876 655 1949 πρὸς
691 1875 792 1932 τὸν
831 1883 899 1946 Ε,
940 1875 1116 1943 οὕτως
1155 1875 1184 1933 6
1226 1885 1278 1932 A
1322 1877 1461 1950 πρὸς
1510 1877 1609 1933 τὸν
1649 1885 1720 1935 Η.
1796 1879 1921 1936 ἀλλ’

235 1963 310 2031 ὥς
356 1963 385 2021 6
435 1971 488 2021 Γ
526 1965 664 2037 πρὸς
701 1964 801 2021 τὸν
840 1971 913 2035 Ε,
965 1965 1188 2034 [οὕτως]
1231 1963 1261 2021 6
1303 1973 1357 2021 A
1395 1965 1533 2038 πρὸς
1577 1965 1676 2022 τὸν
1716 1974 1783 2022 Ζ·
1830 1970 1925 2024 καὶ

235 2052 310 2120 ὡς
356 2053 465 2127 ἄρα
513 2052 543 2110 6
591 2061 646 2109 A
692 2052 828 2124 πρὸς
873 2055 973 2109 τὸν
1013 2060 1083 2124 Ζ,
1132 2053 1309 2121 οὕτως
1355 2053 1385 2110 6
1432 2063 1484 2110 A
1530 2056 1668 2127 πρὸς
1713 2056 1811 2111 τὸν
1851 2063 1923 2113 Η.

233 2141 430 2213 πάλιν,
479 2143 594 2198 ἐπεὶ
640 2139 668 2198 ὁ
710 2148 763 2196 Ε
805 2144 906 2197 τὸν
961 2141 1063 2212 μὲν
1106 2149 1161 2196 A
1198 2143 1686 2208 πολλαπλασιάσας
1723 2143 1824 2199 τὸν
1863 2151 1930 2201 Η

232 2235 557 2302 πεποίηκεν,
607 2229 707 2286 τὸν
756 2230 818 2286 δὲ
858 2236 903 2285 Ζ
941 2230 1432 2297 πολλαπλασιάσας
1469 2230 1571 2287 τὸν
1610 2237 1658 2286 Β
1696 2238 1921 2304 πεποίη-

232 2340 354 2389 κεν,
411 2323 561 2374 ἕστιν
616 2318 726 2391 ἄρα
781 2317 854 2384 ὡς
902 2316 931 2374 6
984 2326 1038 2373 A
1088 2318 1226 2391 πρὸς
1272 2319 1374 2375 τὸν
1424 2326 1494 2390 Ζ,
1552 2319 1730 2385 οὕτως
1784 2318 1812 2376 6
1864 2327 1930 2376 H

232 2407 370 2479 πρὸς
415 2406 516 2463 τὸν
563 2413 626 2463 Β.
705 2410 929 2478 ἐδείχθη
979 2406 1041 2462 δὲ
1087 2408 1179 2462 καὶ
1227 2405 1301 2472 ὡς
1348 2405 1376 2462 6
1430 2414 1483 2461 A
1529 2407 1668 2480 πρὸς
1713 2408 1815 2464 τὸν
1856 2416 1920 2479 Ζ,

233 2494 411 2561 οὕτως
458 2493 487 2551 6
529 2503 581 2550 A
618 2493 758 2567 πρὸς
796 2493 895 2551 τὸν
934 2501 1013 2550 Η·
1059 2496 1151 2550 καὶ
1193 2493 1267 2560 ὥς
1306 2494 1415 2567 ἄρα
1456 2493 1484 2550 6
1533 2502 1587 2550 A
1632 2495 1770 2569 πρὸς
1816 2497 1919 2552 τὸν

230 2590 313 2655 Η,
363 2582 542 2649 οὕτως
589 2581 618 2638 6
667 2589 732 2638 H
770 2582 911 2655 πρὸς
947 2582 1047 2640 τὸν
1087 2590 1150 2639 Β.
1228 2586 1286 2639 οί
1328 2590 1404 2653 Α,
1437 2588 1511 2651 Η,
1543 2588 1591 2637 Β
1638 2584 1747 2655 ἄρα
1794 2586 1921 2656 ἑξῆς

231 2670 518 2743 ἀνάλογόν
559 2676 717 2727 εἰσιν.
785 2675 896 2728 τῶν
944 2680 1019 2743 A,
1053 2678 1099 2727 Β
1151 2671 1261 2743 ἄρα
1300 2665 1378 2737 εἷς
1424 2673 1589 2742 μέσος
1634 2671 1920 2745 ἀνάλογόν

232 2764 382 2817 ἐστιν
422 2759 678 2832 ἀριθμός.

352 2900 389 2938 1.
424 2891 650 2952 ἀριθμοί]
692 2908 781 2938 om.
814 2894 919 2949 ch.
1073 2899 1112 2938 9.
1147 2890 1375 2950 πλευράν]
1417 2907 1505 2938 om.
1538 2893 1588 2938 P.
1744 2899 1812 2938 11.
1850 2894 1916 2952 Γ]

227 2953 276 2997 in
301 2968 389 2999 ras.
418 2970 465 3010 φ.
562 2957 631 2998 13.
657 2949 1039 3004 πολυπλασιάσας
1064 2953 1112 2998 Ρ.
1208 2957 1277 2996 14.
1303 2954 1530 3008 πεποίηκε
1558 2950 1667 3008 Vq).
1758 2958 1825 2997 15.
1853 2955 1916 3009 Z]
