1988 3152
217 150 326 203 266
416 150 422 154 ·
845 150 1183 193 ΣΤοΙΧΕΙῼΝ
1215 146 1271 203 ζ’.

215 273 481 340 τρείσθω·
564 269 737 338 λέγω,
809 265 894 322 ὅτι
966 266 995 322 ὃ
1065 275 1118 322 A
1189 265 1491 340 ὁμώνυμον
1565 269 1730 340 μέρος
1802 272 1911 339 ἔχει

215 360 291 431 τῷ
332 363 392 411 Β.
1392 380 1420 402 ο

320 443 537 510 Ὁσάκις
575 443 680 516 γὰρ
722 443 752 500 6
793 451 841 500 Β
879 467 979 500 τον
1019 453 1072 500 Α
1110 456 1320 518 μετρεῖ,
1367 449 1633 502 τοσαῦται
1673 445 1913 517 μονάδες

217 537 465 588 ἔστωσαν
506 535 566 589 ἐν
605 537 681 609 τῷ
722 539 782 589 Γ.
863 534 978 589 ἐπεὶ
1026 531 1056 589 6
1099 540 1145 589 Β
1191 533 1292 590 τὸν
1331 542 1384 591 A
1423 546 1609 607 μετρεῖ
1643 532 1779 589 κατὰ
1817 532 1914 599 τὰς

220 622 281 676 ἐν
329 623 404 693 τῷ
446 625 500 675 Γ
537 622 812 693 μονάδας,
867 633 1054 694 μετρεῖ
1098 622 1160 678 δὲ
1206 623 1299 677 καὶ
1345 620 1380 693 ἡ
1423 630 1478 677 A
1516 621 1690 694 μονὰς
1727 624 1827 677 τὸν
1866 626 1920 677 Γ

216 707 468 781 ἀριθμόν
505 707 642 764 κατὰ
681 712 778 775 τὰς
817 711 878 765 ἐν
918 707 1068 784 αὐτῷ
1110 712 1384 781 μονάδας,
1426 709 1605 776 ἰσάκις
1643 709 1751 782 ἄρα
1789 708 1823 780 ἡ
1859 718 1913 764 A

127 851 132 855 .
216 795 392 868 μονὰς
437 795 537 852 τὸν
577 801 630 852 Γ
669 795 918 869 ἀριθμὸν
965 810 1151 872 μετρεῖ
1188 798 1281 853 καὶ
1322 821 1351 854 ο
1395 804 1442 853 Β
1481 796 1580 854 τὸν
1620 806 1688 854 A.
1758 800 1913 853 ἐναλ-

129 1083 183 1122 10

129 1548 182 1589 15

126 2000 183 2039 20

126 2443 183 2483 25

215 884 315 951 λὰξ
355 883 466 957 ἄρα
505 886 685 950 ἰσάκις
722 883 757 956 ἡ
792 892 848 940 A
886 885 1062 957 μονὰς
1098 885 1199 942 τὸν
1231 893 1278 941 Β
1319 885 1569 959 ἀριθμὸν
1606 898 1795 959 μετρεῖ
1821 886 1914 941 καὶ

217 971 246 1028 ὁ
289 978 343 1028 Γ
385 973 484 1029 τὸν
530 981 606 1029 A·
670 972 699 1030 ὃ
752 972 861 1047 ἄρα
911 976 1076 1047 μέρος
1122 975 1275 1031 ἐστὶν
1321 973 1355 1046 ἡ
1404 983 1460 1030 A
1506 975 1680 1047 μονὰς
1725 979 1826 1031 τοῦ
1866 982 1913 1031 Β

216 1060 483 1135 ἀριθμοῦ,
522 1066 586 1119 τὸ
628 1061 764 1119 αὐτὸ
804 1064 970 1136 μέρος
1008 1064 1123 1120 ἐστὶ
1161 1064 1254 1119 καὶ
1294 1062 1324 1120 6
1358 1069 1412 1120 Γ
1440 1068 1541 1120 τοῦ
1574 1072 1642 1121 Α.
1695 1062 1729 1135 ἡ
1764 1063 1827 1121 δὲ
1860 1071 1914 1119 A

213 1149 390 1223 μονὰς
434 1154 535 1207 τοῦ
575 1157 623 1207 Β
671 1149 921 1223 ἀριθμοῦ
970 1153 1137 1224 μέρος
1186 1152 1337 1208 ἐστὶν
1386 1151 1689 1225 ὁμώνυμον
1726 1151 1913 1229 αὐτῷ·

213 1240 306 1295 καὶ
362 1237 391 1295 6
440 1245 495 1295 Γ
538 1238 647 1309 ἄρα
699 1244 802 1296 τοῦ
849 1248 904 1296 Α
956 1242 1122 1313 μέρος
1176 1241 1327 1297 ἐστὶν
1376 1241 1679 1313 ὁμώνυμον
1725 1246 1801 1318 τῷ
1850 1248 1911 1299 Β.

214 1327 355 1384 ὥστε
402 1328 432 1383 6
479 1335 533 1383 A
577 1330 744 1400 μέρος
790 1333 901 1401 ἔχει
946 1352 1048 1386 τον
1096 1335 1150 1386 Γ
1191 1329 1495 1402 ὁμώνυμον
1542 1330 1679 1386 ὄντα
1725 1334 1801 1403 τῷ
1843 1337 1912 1386 Β·

215 1415 349 1489 ὅπερ
389 1420 504 1473 ἔδει
542 1420 731 1485 δεῖξαι.

1005 1523 1120 1593 λη’.

323 1623 471 1680 Ἐὰν
528 1622 817 1696 άριθμος
864 1626 1059 1696 μέρος
1107 1629 1217 1698 ἔχῃ
1267 1623 1521 1697 ὁτιοῦν,
1576 1624 1699 1682 ὑπὸ
1749 1623 1912 1698 ὁμω-

214 1713 432 1783 νύμου
471 1711 766 1785 ἀριθμοῦ
806 1714 1294 1786 μετρηθήσεται
1333 1718 1415 1791 τῷ
1456 1716 1652 1788 μέρει.

315 1800 582 1874 Ἀριθμὸς
620 1800 726 1873 γὰρ
768 1800 797 1858 6
839 1810 893 1857 A
930 1803 1095 1874 μέρος
1135 1803 1300 1874 ἐχέτω
1341 1799 1535 1859 ὁτιοῦν
1573 1806 1674 1860 τὸν
1714 1810 1780 1875 Β,
1819 1803 1911 1859 καὶ

213 1893 290 1966 τῷ
324 1896 370 1944 Β
411 1889 563 1960 μέρει
604 1887 904 1962 ὁμώνυμος
943 1894 1080 1945 ἔστω
1117 1889 1401 1962 [ἀριθμὸς]
1438 1889 1467 1947 6
1501 1897 1567 1946 Γ·
1622 1893 1784 1963 λέγω,
1825 1892 1912 1947 ὅτι

217 1976 246 2034 6
287 1983 340 2034 Γ
371 1977 473 2034 τὸν
514 1984 567 2033 A
604 1990 802 2051 μετρεῖ.

323 2065 472 2122 Ἐπεὶ
518 2064 623 2138 γὰρ
673 2066 703 2122 6
744 2073 792 2122 Β
837 2070 940 2123 τοῦ
979 2075 1031 2122 Α
1078 2067 1242 2139 μέρος
1288 2067 1440 2123 ἐστὶν
1490 2066 1796 2140 ὁμώνυμον
1834 2072 1909 2141 τῷ

214 2160 278 2225 Γ,
334 2159 449 2210 ἔστι
506 2154 567 2211 δὲ
613 2156 706 2211 καὶ
752 2154 787 2227 ἡ
838 2163 891 2211 A
938 2158 1113 2228 μονὰς
1157 2159 1259 2212 τοῦ
1306 2161 1361 2212 Γ
1399 2158 1564 2229 μέρος
1610 2155 1911 2230 ὁμώνυμον

216 2241 384 2319 αὐτῷ,
419 2240 449 2299 ὃ
475 2242 584 2316 ἄρα
608 2245 773 2315 μέρος
798 2245 949 2299 ἐστὶν
975 2242 1007 2315 ἡ
1035 2252 1090 2300 A
1114 2243 1289 2317 μονὰς
1325 2247 1427 2300 τοῦ
1458 2249 1512 2300 Γ
1542 2243 1810 2317 ἀριθμοῦ,
1850 2244 1913 2300 τὸ

215 2330 351 2388 αὐτὸ
392 2334 558 2404 μέρος
597 2333 713 2388 ἐστὶ
750 2333 843 2388 καὶ
884 2330 914 2389 6
947 2339 994 2388 B
1033 2336 1135 2389 τοῦ
1168 2341 1240 2388 A·
1296 2334 1476 2399 ἰσάκις
1514 2332 1622 2407 ἄρα
1661 2331 1694 2404 ἡ
1728 2340 1784 2389 A
1815 2356 1912 2405 μο-

215 2420 316 2486 νὰς
360 2419 462 2476 τὸν
503 2426 556 2476 Γ
592 2419 841 2493 ἀριθμὸν
881 2432 1070 2494 μετρεῖ
1104 2422 1196 2477 καὶ
1238 2418 1268 2476 6
1308 2427 1355 2476 B
1395 2421 1495 2478 τὸν
1534 2430 1602 2477 Α.
1679 2422 1911 2490 ἐναλλὰξ

334 2569 654 2641 2.τῷ]οοιί·.
688 2569 1069 2615 extomN2V
1162 2569 1906 2641 4.vc,5]om.‹p.1']era8..V
1972 2605 1982 2618 .

217 2634 286 2673 10.
319 2626 478 2701 μέρος]
510 2643 605 2686 mg.
639 2646 688 2684 φ.
845 2634 913 2673 13.
949 2629 1015 2687 Γ]
1060 2628 1110 2672 in
1151 2643 1238 2673 ras.
1256 2645 1329 2744 μφ.
1394 2644 1644 2686 ομωνυμον
1675 2625 1759 2673 τὸν
1795 2633 1838 2674 Γ
1863 2645 1907 2687 p.

217 2686 355 2746 ὄντα]
392 2684 467 2731 ὅν·
500 2702 640 2745 supra
670 2703 731 2732 m.
767 2693 790 2732 1
815 2687 871 2743 P,
899 2702 987 2733 om.
1012 2702 1058 2758 p.
1153 2692 1222 2732 15.
1333 2686 1437 2742 BV
1461 2687 1497 2730 P
1522 2703 1583 2732 m.
1608 2702 1718 2732 rec.-
1707 2685 1840 2746 ,μα’
1863 2703 1908 2745 p.

278 2751 347 2791 16.
381 2742 503 2804 ὑπό]
537 2761 597 2790 m.
631 2751 657 2791 2
691 2747 741 2793 Β.
892 2752 960 2792 18.
992 2744 1095 2806 τόν]
1127 2745 1181 2791 τό
1212 2746 1318 2802 Ρφ,
1350 2747 1400 2791 ei:
1432 2761 1456 2791 e
1487 2760 1602 2792 corr.
1636 2747 1692 2793 V.
1840 2751 1907 2792 19.

215 2802 471 2880 ὁμώνυμον
495 2821 541 2879 p.
666 2801 892 2865 ἀριθμός]
919 2820 1008 2850 om.
1035 2806 1111 2862 Pp
1249 2810 1320 2850 20.
1352 2805 1417 2864 Α]
1445 2819 1559 2850 corr.
1586 2819 1642 2850 ex
1666 2810 1702 2850 B
1726 2821 1757 2863 p
1780 2821 1840 2852 m.
1868 2811 1909 2851 2.

215 2870 287 2909 21.
323 2862 500 2968 {mlv}
506 2860 601 2909 ἐστὶ
633 2866 722 2909 καί
745 2865 854 2922 Vq).
976 2871 1047 2909 22.
1082 2865 1207 2911 ἔστιν
1239 2863 1346 2922 PB,
1379 2879 1528 2922 comp.
1562 2881 1605 2923 p.
1728 2870 1799 2911 23.
1832 2863 1911 2922 μέ-

214 2940 296 2981 ρος
326 2940 420 2981 αρα
