1988 3152
200 149 310 202 252
847 148 1186 191 ΣΤοΙΧΕΙῼΝ
1217 145 1274 201 ζ’.

198 265 299 322 τὸν
346 274 400 321 A
452 264 703 336 ἀριθμὸν
758 263 979 335 ἄπειροι
1029 262 1291 335 ἀριθμοί,
1347 257 1428 320 ὧν
1478 265 1658 335 ἕτερος
1704 263 1896 334 ἑτέρου

200 353 453 410 ἐλάσσων
510 355 680 408 ἐστίν’
759 350 895 423 ὅπερ
951 352 1102 408 ἐστὶν
1158 351 1443 408 ἀδύνατον
1500 354 1561 408 ἐν
1616 349 1895 423 ἀριθμοῖς.

199 440 557 513 ληφθήσεταί
613 462 695 506 τις
748 439 858 512 ἄρα
907 444 1126 511 πρῶτος
1200 438 1469 512 ἀριθμός,
1523 436 1585 504 ὃς
1634 437 1890 512 μετρήσει

198 530 299 585 τὸν
338 528 446 601 πρὸ
487 529 718 598 ἑαυτοῦ,
760 526 821 594 ὃς
858 528 951 583 καὶ
989 527 1089 584 τὸν
1129 536 1182 583 Α
1221 526 1492 600 μετρήσει.

142 633 168 673 5
301 618 475 681 Ι’Ἀπας
527 616 639 689 ἄρα
693 616 969 682 σύνθετος
1015 614 1258 688 ἀριθμὸς
1303 613 1413 671 ὑπὸ
1467 613 1693 687 πρώτου
1745 613 1899 681 τινὸς

201 704 452 778 ἀριθμοῦ
493 715 790 777 μετρεῖται·
855 704 990 775 ὅπερ
1032 708 1144 760 ἔδει
1185 705 1374 770 δεῖξαι.

988 850 1102 921 λβ’.

297 955 493 1020 ’Ἅπας
554 952 840 1026 ἀριθμὸς
901 952 1051 1025 ἤτοι
1111 953 1367 1026 πρῶτός
1428 956 1609 1010 ἐστιν
1671 949 1706 1024 ἢ
1770 950 1897 1008 ὑπὸ

198 1043 463 1117 πρώτου
500 1040 684 1107 τινὸς
722 1040 1017 1114 ἀριθμοῦ
1057 1053 1408 1114 μετρεῖται.

113 1147 167 1188 10
296 1130 478 1187 ’Ἑστω
525 1127 769 1203 ἀριθμὸς
807 1128 837 1187 6
877 1138 952 1185 A·
1013 1131 1182 1201 λέγω,
1230 1127 1316 1185 ὅτι
1357 1127 1386 1185 6
1428 1138 1480 1185 A
1518 1129 1642 1201 ’ἤτοι
1680 1127 1898 1202 πρῶτός

200 1222 350 1276 ἐστιν
389 1217 424 1291 ἢ
465 1215 575 1275 ὑπὸ
616 1218 843 1293 πρώτου
880 1217 1034 1283 τινὸς
1073 1215 1324 1290 ἀριθμοῦ
1364 1229 1654 1291 μετρεῖται.

310 1312 385 1363 Εἰ
421 1307 524 1380 μὲν
564 1300 670 1363 οὗν
709 1308 927 1378 πρῶτός
967 1308 1116 1362 ἐστιν
1158 1304 1187 1362 6
1223 1314 1293 1377 A,
1332 1305 1564 1377 γεγονὸς
1603 1304 1676 1363 ἂν
1716 1313 1800 1378 εἴη
1833 1305 1896 1362 τό

200 1397 511 1467 ἐπιταχθέν.
589 1399 641 1451 εἰ
686 1395 748 1451 δὲ
788 1396 1078 1465 σύνθετος,
1120 1393 1378 1468 μετρήσει
1416 1416 1499 1461 τις
1538 1394 1714 1452 αὐτὸν
1752 1398 1899 1467 πρῶ-

198 1506 292 1550 τος
330 1482 589 1557 ἀριθμός.

112 1589 166 1630 15
297 1571 472 1638 ’Ἅπας
509 1570 620 1645 ἄρα
660 1570 907 1645 ἀριθμὸς
944 1571 1070 1644 ἤτοι
1109 1571 1329 1646 πρῶτός
1360 1574 1510 1629 ἐστιν
1541 1570 1575 1643 ἢ
1608 1570 1718 1628 ὑπὸ
1750 1572 1899 1645 προό-

198 1683 300 1717 του
338 1660 493 1727 τινὸς
531 1659 782 1734 ἀριθμοῦ
822 1673 1120 1734 μετρεῖται·
1185 1659 1321 1733 ὅπερ
1362 1665 1475 1717 ἔδει
1515 1662 1706 1728 δεῖξαι.

987 1823 1102 1895 λγ’.

309 1924 640 1999 Ἀριθμῶν
681 1929 1025 1984 δοθέντων
1059 1924 1457 1983 ὁποσωνοῦν
1490 1923 1713 1998 εὑρεῖν
1744 1926 1899 1993 τοὺς

202 2015 594 2086 ἐλαχίστους
639 2020 767 2072 τῶν
812 2014 928 2072 τὸν
970 2013 1174 2072 αὐτὸν
1214 2015 1417 2088 λόγον
1458 2015 1745 2088 ἐχόντων
1786 2013 1899 2070 αὐ-

115 2119 171 2160 20
203 2115 359 2170 τοῖς.

296 2189 590 2248 ’Ἑστωσαν
646 2194 704 2248 οἰ
755 2194 1021 2259 δοθέντες
1076 2191 1384 2250 ὁποσοιοῦν
1443 2191 1678 2266 ἀριθμοὶ
1727 2195 1786 2248 οἰ
1827 2201 1900 2264 A,

200 2286 278 2350 Β,
318 2285 389 2335 Γ·
453 2284 542 2337 δεῖ
578 2279 647 2353 δὴ
690 2279 875 2354 εὑρεῖν
906 2281 1039 2348 τοὺς
1079 2283 1398 2354 ἐλαχίστους
1434 2284 1548 2337 τῶν
1587 2279 1685 2337 τὸν
1725 2280 1900 2337 αὐτὸν

200 2367 373 2439 λόγον
413 2369 656 2440 ἐχόντων
694 2379 814 2434 τοῖς
850 2376 920 2439 Α,
962 2374 1027 2439 Β,
1068 2373 1127 2426 Γ.
1901 2420 1918 2440 ,

316 2458 389 2510 Οἰ
417 2463 488 2526 A,
522 2462 587 2526 B,
619 2460 673 2511 Γ
704 2455 811 2529 γὰρ
851 2455 975 2528 ἤτοι
1014 2459 1223 2529 πρῶτοι
1262 2454 1402 2527 πρὸς
1440 2454 1717 2527 ἀλλήλους
1755 2455 1900 2512 εἰσὶν

325 2624 365 2662 1.
400 2614 424 2662 ὁ
473 2634 629 2674 ετερος
659 2617 763 2674 Vq).
834 2619 919 2663 τοῦ
960 2615 1123 2674 ἑτέρου
1164 2618 1351 2675 Bquo.
1474 2623 1515 2662 2.
1550 2614 1701 2689 ἐστίν]
1738 2618 1898 2676 (prius)

203 2692 293 2724 om.
325 2677 378 2723 B.
472 2683 514 2722 3.
546 2678 728 2732 πρῶτος
758 2674 985 2749 αριθμός]
1020 2691 1162 2735 supra.
1182 2692 1243 2723 m.
1271 2682 1316 2746 2.
1325 2677 1377 2733 V,
1410 2673 1618 2734 αριθμὸς
1647 2678 1830 2735 πρῶτος
1851 2693 1897 2735 p.

262 2742 303 2782 7.
334 2733 410 2781 λδ’
443 2735 554 2790 BV,
588 2736 711 2780 Pm.
744 2750 857 2792 rec.;
888 2734 959 2781 λε’
991 2752 1037 2794 p.
1176 2742 1218 2782 8.
1251 2736 1345 2787 πᾶς
1380 2735 1424 2782 P.
1563 2741 1631 2781 11.
1666 2732 1836 2781 ἐστιῩ
1792 2736 1896 2793 ch.

202 2801 271 2841 12.
304 2791 527 2853 γεγονός]
559 2795 657 2852 Pp,
693 2795 835 2852 δῆλον
867 2795 1017 2867 Bqu.
1174 2800 1242 2839 13.
1288 2793 1568 2866 ἐπιταχθέν]
1611 2792 1898 2868 ζητούμενον

199 2855 363 2900 Theon
394 2853 627 2924 (Bthp).
755 2858 822 2899 17.
856 2851 926 2899 λε’
960 2854 1065 2925 BV,
1095 2855 1132 2899 P
1163 2869 1224 2900 m
1257 2867 1371 2908 rec.;
1403 2851 1479 2898 λς’
1514 2869 1560 2911 p.
1685 2859 1753 2899 19.
1787 2852 1899 2906 τοὺς

203 2909 378 2966 αὐτοὺς
409 2909 576 2970 λόγους
607 2912 700 2971 Bp.
823 2918 894 2960 22.
926 2910 1037 2965 τοὺς
1068 2909 1244 2964 αὖτοὺς
1273 2909 1442 2970 λόγους
1473 2912 1660 2972 Bqu2.
