1988 3152
261 131 370 184 144
890 132 1226 176 ΣΤΟΙΧΕΙῼΝ
1257 127 1324 176 ς’.

259 249 293 321 ἡ
349 257 453 306 ΕΖ
506 250 646 323 πρὸς
707 250 810 322 τὴν
865 257 1001 321 ΠΡ,
1064 250 1157 305 καὶ
1219 248 1633 323 ἀναγέγραπται
1688 248 1797 306 ἀπὸ
1854 250 1957 321 μὲν

259 342 374 395 τῶν
406 345 540 408 ΑΒ,
566 343 672 394 ΓΔ
705 337 871 412 ὅμοιά
910 360 967 394 τε
1006 338 1100 394 καὶ
1139 336 1348 410 ὁμοίως
1385 343 1610 410 κείμενα
1656 338 1722 394 τὰ
1765 344 1957 409 ΚΑΒ,

261 431 446 498 ΛΓΔ,
486 424 596 483 ἀπὸ
640 426 702 482 δὲ
740 430 856 483 τῶν
896 433 1019 497 ΕΖ,
1044 433 1160 482 ΠΡ
1194 426 1361 498 ὅμοιά
1400 449 1458 483 τε
1489 428 1580 483 καὶ
1613 425 1820 498 ὁμοίως
1850 432 1959 483 κεί-

263 537 403 587 μενα
448 514 515 570 τὰ
564 522 710 586 MZ,
736 522 867 586 ΣΡ,
919 520 1069 571 ἔστιν
1118 513 1228 587 ἄρα
1279 513 1354 581 ὥς
1400 515 1463 572 τὸ
1507 522 1679 571 ΚΑΒ
1719 515 1858 588 πρὸς
1896 515 1958 572 τὸ

204 622 229 660 5
264 609 454 675 ΛΓΔ,
496 602 674 670 οὕτως
711 602 774 658 τὸ
817 609 936 659 ΜΖ
974 601 1116 676 πρὸς
1152 602 1216 659 τὸ
1254 609 1375 661 ΣΡ.
1449 601 1735 659 ὑπόκειται
1776 604 1838 660 δὲ
1869 605 1961 660 καὶ

262 691 336 758 ὡς
374 691 437 748 τὸ
476 697 649 747 ΚΑΒ
688 691 826 764 πρὸς
863 691 926 748 τὸ
971 697 1168 763 ΛΓΔ,
1218 691 1397 758 οὕτως
1442 691 1504 748 τὸ
1546 699 1665 748 ΜΖ
1712 691 1851 765 πρὸς
1895 692 1959 749 τὸ

260 786 395 836 ΝΘ·
433 780 527 835 καὶ
567 778 643 846 ὡς
682 779 792 853 ἄρα
831 779 893 836 τὸ
933 787 1054 836 ΜΖ
1093 782 1231 854 πρὸς
1268 780 1330 837 τὸ
1372 787 1496 851 ΣΡ,
1537 780 1714 848 οὕτως
1744 780 1806 838 τὸ
1842 787 1960 838 ΜΖ

260 868 399 942 πρὸς
443 868 506 926 τὸ
548 875 675 925 ΝΘ.
751 867 814 925 τὸ
854 874 975 924 ΜΖ
1022 867 1133 941 ἄρα
1178 869 1319 942 πρὸς
1364 870 1626 942 ἑκάτερον
1671 873 1785 926 τῶν
1833 875 1962 939 ΝΘ,

262 964 374 1013 ΣΡ
405 957 507 1014 τὸν
548 956 723 1014 αὐτὸν
764 962 874 1030 ἔχει
912 956 1108 1029 λόγον·
1161 965 1287 1014 ἴσον
1327 957 1438 1032 ἄρα
1478 959 1590 1016 ἐστὶ
1629 958 1692 1015 τὸ
1734 964 1848 1014 ΝΘ
1885 962 1961 1035 τῷ

179 1063 231 1102 10
266 1052 385 1102 ΣΡ.
467 1050 582 1102 ἔστι
623 1046 686 1102 δὲ
737 1045 887 1122 αὐτῷ
927 1047 1020 1102 καὶ
1062 1044 1260 1118 ὅμοιον
1306 1047 1398 1102 καὶ
1439 1045 1645 1119 ὁμοίως
1682 1051 1962 1119 κείμενον·

264 1141 355 1206 ἴση
411 1133 522 1209 ἄρα
576 1133 610 1207 ἡ
657 1140 771 1191 ΗΘ
816 1138 881 1209 τῇ
930 1141 1052 1191 ΠΡ.
1134 1136 1226 1190 καὶ
1275 1137 1396 1191 ἐπεί
1446 1138 1596 1192 ἐστιν
1644 1134 1718 1202 ὥς
1772 1134 1805 1207 ἡ
1853 1141 1962 1191 ΑΒ

263 1223 402 1297 πρὸς
440 1222 544 1295 τὴν
584 1229 719 1295 ΓΔ,
762 1223 940 1290 οὕτως
978 1222 1013 1295 ἡ
1055 1230 1159 1279 ΕΖ
1198 1223 1339 1295 πρὸς
1376 1223 1480 1296 τὴν
1520 1231 1653 1296 ΠΡ,
1694 1232 1799 1296 ἴση,
1828 1224 1889 1280 δὲ
1928 1222 1962 1295 ἡ

264 1319 380 1368 ΠΡ
410 1316 478 1387 τῇ
517 1319 655 1385 ΗΘ,
697 1317 849 1369 ἔστιν
889 1312 998 1385 ἄρα
1039 1311 1112 1379 ὡς
1150 1311 1183 1384 ἡ
1226 1319 1336 1369 ΑΒ
1375 1313 1515 1387 πρὸς
1551 1314 1655 1386 τὴν
1696 1319 1830 1385 ΓΔ,
1871 1312 1964 1370 οῧ-

262 1423 370 1468 τως
408 1400 442 1473 ἡ
484 1408 590 1457 ΕΖ
630 1401 769 1475 πρὸς
806 1399 910 1472 τὴν
950 1407 1078 1457 ΗΘ.

180 1506 232 1546 15
372 1488 504 1546 Ἐὰν
560 1488 669 1563 ἄρα
722 1492 982 1561 τέσσαρες
1037 1487 1256 1545 εὐθεῖαι
1312 1489 1597 1561 ἀνάλογον
1653 1484 1817 1563 ὦσιν,
1872 1492 1963 1547 καὶ

264 1578 332 1635 τὰ
373 1577 465 1635 ἀπ’
511 1577 702 1636 αὐτῶν
742 1577 1116 1651 εὐθύγραμμα
1156 1577 1322 1650 ὅμοια
1362 1601 1420 1635 τε
1458 1580 1551 1635 καὶ
1591 1577 1798 1651 ὁμοίως
1830 1579 1965 1636 ἄνα-

264 1669 619 1741 γεγραμμένα
667 1668 952 1739 ἀνάλογον
1002 1672 1176 1724 ἔσται
1230 1689 1338 1724 καν
1384 1667 1450 1724 τὰ
1500 1667 1591 1724 ἀπ’
1643 1667 1833 1726 αὐτῶν
1880 1667 1967 1725 εὐ-

265 1757 574 1830 θύγραμμα
622 1756 788 1829 ὅμοιοί
835 1779 892 1812 τε
939 1757 1029 1812 καὶ
1083 1754 1291 1829 ὁμοίως
1329 1755 1792 1831 ἀναγεγραμμένα
1832 1756 1967 1814 ἀνα-

266 1852 439 1917 λογον
494 1839 555 1919 ᾗ,
617 1846 710 1901 καὶ
765 1842 929 1901 αὐταὶ
985 1847 1048 1900 αἰ
1098 1843 1317 1901 εὐθεῖαι
1373 1843 1658 1917 αναλογον
1721 1851 1966 1903 ἔσονται·

176 1950 235 1991 20
267 1933 401 2008 ὅπερ
442 1939 555 1991 ἔδει
595 1935 783 2001 δεῖξαι.

970 2042 1266 2110 [Λῆμμα]

352 2141 522 2215 ,[Ὅτι
571 2141 660 2214 δέ,
710 2141 809 2199 ἐὰν
864 2141 1238 2224 εὐίθύγραμμα
1286 2148 1379 2198 ἴσα
1425 2135 1460 2215 ᾖ
1507 2143 1599 2198 καὶ
1655 2140 1850 2215 ὅμοια,
1910 2143 1973 2197 αἰ

269 2229 539 2303 ὁμόλογοι
577 2228 765 2288 αὐτῶν
796 2232 1031 2304 πλευραὶ
1064 2239 1180 2287 ἴσαι
1212 2229 1480 2303 ἀλλήλαις
1511 2234 1673 2303 εἰσίν,
1714 2233 1968 2303 δείξομεν

270 2318 460 2387 οὕτως.

181 2430 237 2471 25
367 2407 547 2465 ’Έστω
603 2417 698 2466 ἴσα
751 2411 844 2466 καὶ
899 2408 1065 2482 ὅμοια
1120 2407 1492 2482 εὐθύγραμμα
1546 2408 1612 2465 τὰ
1667 2415 1804 2481 ΝΘ,
1846 2415 1969 2479 ΣΡ,

268 2498 360 2553 καὶ
402 2502 540 2554 ἔστω
581 2497 656 2565 ὡς
694 2497 729 2571 ἡ
770 2504 890 2554 ΘΗ
922 2497 1061 2572 πρὸς
1093 2497 1197 2570 τὴν
1228 2503 1371 2570 ΗΝ,
1414 2495 1592 2564 οὕτως
1622 2495 1655 2570 ἡ
1691 2504 1803 2554 ΡΠ
1830 2496 1970 2569 πρὸς

269 2608 372 2659 την
411 2593 552 2643 ΠΣ·
593 2589 762 2660 λέγω,
803 2586 887 2645 ὅτι
930 2595 1020 2660 ἴση
1063 2588 1213 2645 ἐστὶν
1252 2584 1280 2643 ’ἱ
1329 2592 1444 2643 ΡΠ
1475 2590 1540 2660 τῇ
1581 2593 1706 2643 ΘΗ.

381 2680 455 2731 Εἰ
506 2675 615 2748 γὰρ
673 2675 866 2733 ἄνισοί
915 2680 1083 2747 εἰσιν,
1142 2681 1242 2748 μία
1296 2674 1485 2732 αὐτῶν
1539 2679 1738 2747 μείζων
1801 2677 1968 2732 ἐστίν.

391 2860 431 2899 2.
466 2858 620 2908 ΚΑΒ,
639 2854 816 2912 ΛΓΔ]
860 2857 918 2910 Β,
957 2857 1054 2899 ΔΓ
1085 2853 1178 2899 litt.
1219 2853 1268 2898 in
1306 2867 1396 2898 ras.
1436 2868 1495 2897 m.
1538 2858 1564 2898 2
1605 2853 1660 2898 V.
1783 2858 1823 2898 3.
1857 2845 1988 2899 Posti·

272 2915 366 2957 ΠΡ
394 2912 514 2958 duae
545 2913 639 2959 litt.
674 2913 763 2959 del.
797 2929 855 2958 m.
889 2927 979 2959 rec.
1005 2914 1055 2959 P.
1152 2919 1192 2959 7.
1225 2913 1354 2971 ΝΘ]
1386 2913 1548 2958 intas.
1573 2927 1633 2958 m.
1662 2912 1760 2957 lP.
1853 2911 1988 2993 ΣΡΓἱ

1985 3039 1988 3077 1

1979 3079 1988 3152 1
