1988 3152
206 137 315 191 164
836 136 1172 180 ΣΤοῙΧΕΙῼΝ
1203 133 1272 180 ς’.

203 260 463 328 κείμενον
525 254 588 310 τὸ
654 259 906 324 ΕΒΖΗ,
968 253 1062 309 καὶ
1117 253 1616 326 συμπεπληρώσθω
1671 251 1732 308 τὸ
1786 258 1912 308 ΑΗ

204 342 802 416 παραλληλόγραμμον.

318 435 392 486 Εἰ
438 429 540 501 μὲν
589 422 695 486 οὗν
736 437 863 486 ἴσον
911 429 1027 485 ἐστὶ
1073 428 1136 486 τὸ
1176 436 1306 486 ΑΗ
1334 433 1410 505 τῷ
1451 436 1515 500 Γ,
1562 428 1794 501 γεγονὸς
1833 427 1904 485 ἂν

207 527 292 590 εἴη
347 517 411 574 τὸ
471 518 790 590 ἐπιταχθέν·
847 519 1263 590 παραβέβληται
1312 517 1421 591 γὰρ
1468 517 1617 590 παρὰ
1663 516 1766 589 τὴν
1819 521 1906 573 δο-

148 619 174 658 5
206 616 411 663 θεῖσαν
454 605 688 663 εὐθεῖαν
726 606 832 678 τὴν
870 615 923 662 Λ
932 613 983 662 Β
1017 609 1094 683 τῷ
1136 607 1365 663 δοθέντι
1411 605 1790 681 εὐθυγράμμῳ
1830 609 1907 682 τῷ

205 701 259 751 Γ
307 702 435 752 ἴσον
502 694 1087 768 παραλληλόγραμμον
1115 701 1121 707 ’
1148 695 1210 751 τὸ
1274 703 1328 751 Α
1337 701 1399 751 Η
1456 698 1710 751 ἐλλεῖπον
1771 698 1907 750 εἴδει

207 785 768 859 παραλληλογράμμῳ
832 787 909 861 τῷ
966 790 1080 839 ΗΒ
1145 782 1318 859 ὁμοίῳ
1382 783 1504 839 ὄντι
1559 787 1634 860 τῷ
1691 790 1759 839 Λ.
1861 786 1911 838 εἰ

210 872 273 928 δὲ
321 874 414 943 οὔ,
471 873 658 945 μεῖζόν
710 876 850 928 ἔστω
896 871 959 929 τὸ
1000 879 1110 928 ΘΕ
1144 876 1246 929 τοῦ
1285 878 1344 930 Γ.
1422 881 1548 929 ἴσον
1601 872 1663 928 δὲ
1701 870 1764 928 τὸ
1806 877 1914 927 ΘΕ

207 964 285 1036 τῷ
323 966 460 1016 ΗΒ·
503 966 691 1032 μεῖζον
731 959 843 1034 ἄρα
879 963 975 1016 καὶ
1012 961 1076 1016 τὸ
1118 966 1231 1016 ΗΒ
1263 965 1366 1017 τοῦ
1397 967 1458 1017 Γ.
1535 954 1580 1036 ᾦ
1621 959 1689 1033 δὴ
1724 959 1911 1032 μεῖζόν

121 1062 178 1102 10
212 1051 327 1106 ἐστι
372 1047 436 1105 τὸ
488 1055 603 1106 ΗΒ
653 1053 754 1105 τοῦ
799 1055 864 1120 Γ,
909 1048 1082 1123 ταύτῃ
1129 1053 1195 1123 τῇ
1243 1047 1487 1123 ὑπεροχῇ
1529 1057 1680 1121 ἴσον,
1725 1053 1802 1126 τῷ
1851 1049 1912 1105 δὲ

207 1145 265 1195 Λ
313 1138 515 1210 ὅμοιον
569 1138 663 1194 καὶ
720 1134 928 1210 ὁμοίως
982 1142 1241 1209 κείμενον
1286 1137 1350 1193 τὸ
1403 1136 1541 1194 αὐτὸ
1593 1135 1910 1194 συνεστάτω

207 1225 271 1282 τὸ
313 1232 591 1283 ΚΛΜΝ.
666 1225 807 1282 ἀλλὰ
846 1226 911 1283 τὸ
951 1233 1007 1281 Δ
1044 1230 1120 1301 τῷ
1161 1233 1274 1282 ΗΒ
1316 1228 1511 1296 [ἐστιν]
1555 1224 1775 1297 ὅμοιον·
1814 1226 1906 1281 καὶ

208 1313 273 1370 τὸ
320 1320 454 1371 ΚΜ
499 1313 609 1387 ἄρα
658 1317 734 1391 τῷ
782 1320 896 1369 ΗΒ
945 1317 1096 1371 ἐστιν
1143 1313 1360 1387 ὅμοιον.
1443 1318 1582 1370 ἔστω
1631 1307 1736 1370 οὖν
1785 1312 1913 1385 ὁμό-

210 1410 377 1474 λογος
428 1400 462 1474 ἡ
521 1402 624 1474 μὲν
671 1409 788 1458 ΚΛ
833 1407 899 1477 τῇ
949 1409 1089 1474 ΗΕ,
1135 1402 1169 1475 ἡ
1223 1403 1285 1460 δὲ
1332 1410 1468 1459 ΛΜ
1503 1407 1570 1477 τῇ
1618 1408 1745 1458 ΗΖ.
1821 1403 1913 1458 καὶ

125 1501 180 1542 15
212 1492 330 1547 ἐπεὶ
377 1497 503 1547 ἴσον
555 1492 672 1547 ἐστὶ
718 1490 781 1547 τὸ
822 1497 936 1547 ΗΒ
974 1503 1094 1558 τοῖς
1131 1497 1195 1562 Γ,
1227 1498 1384 1562 ΚΜ,
1423 1496 1611 1563 μεῖζον
1650 1489 1760 1562 ἄρα
1800 1491 1914 1546 ἐστὶ

210 1579 272 1636 τὸ
328 1585 443 1635 ΗΒ
488 1583 588 1636 τοῦ
642 1586 792 1636 ΚΜ·
849 1586 1049 1653 μείζων
1097 1579 1207 1653 ἄρα
1255 1582 1370 1637 ἐστὶ
1414 1580 1509 1636 καὶ
1562 1578 1597 1651 ἡ
1652 1579 1754 1651 μὲν
1800 1584 1920 1634 ΗΕ

209 1670 307 1738 τῆς
354 1672 495 1754 ΚΛ,
547 1664 580 1737 ἡ
630 1666 691 1723 δὲ
738 1673 851 1722 ΗΖ
899 1671 995 1739 τῆς
1043 1674 1181 1724 ΛΜ
1265 1673 1476 1723 κείσθω
1530 1672 1596 1742 τῇ
1644 1669 1745 1740 μὲν
1800 1673 1916 1723 ΚΛ

212 1763 304 1826 ἴση
353 1753 387 1827 ἡ
434 1758 570 1827 ΗΞ,
625 1759 692 1829 τῇ
751 1756 813 1812 δὲ
864 1762 1002 1812 ΛΜ
1040 1763 1131 1828 ἴση
1180 1754 1215 1828 ἡ
1260 1762 1402 1827 ΗΟ,
1457 1758 1549 1813 καὶ
1605 1763 1917 1829 συμπεπλη-

212 1843 422 1923 ρώσθω
460 1843 524 1900 τὸ
565 1845 813 1907 ΞΗΟΠ
846 1844 1451 1918 παραλληλόγραμμον·
1499 1852 1627 1901 ἴσον
1677 1844 1786 1918 ἄρα
1824 1847 1917 1901 καὶ

125 1945 182 1986 20
215 1929 414 2004 ὅμοιόν
455 1935 570 1989 ἐστι
612 1932 698 2003 [τὸ
736 1937 884 2002 ΗΠ]
926 1937 1005 2008 τῷ
1046 1939 1185 1989 ΚΜ
1224 1931 1389 2005 [ἀλλὰ
1428 1932 1489 1990 τὸ
1521 1939 1659 1989 ΚΜ
1686 1938 1762 2010 τῷ
1803 1939 1917 1990 ΗΒ

214 2019 417 2094 ὅμοιόν
451 2024 642 2091 ἐστιν].
715 2022 808 2077 καὶ
846 2020 910 2078 τὸ
951 2027 1081 2077 ΗΠ
1114 2021 1225 2094 ἄρα
1255 2027 1330 2099 τῷ
1364 2028 1478 2079 ΗΒ
1510 2022 1711 2094 ὅμοιόν
1744 2024 1916 2079 ἐστιν·

213 2110 340 2182 περὶ
378 2107 480 2181 τὴν
522 2107 701 2182 αὐτὴν
742 2109 852 2182 ἄρα
894 2110 1195 2183 διάμετρόν
1243 2114 1357 2168 ἐστι
1404 2110 1460 2169 τί
1508 2115 1638 2167 ΗΠ
1669 2114 1744 2188 τῷ
1785 2116 1915 2169 ΗΒ.

216 2201 354 2254 ἔστω
404 2196 591 2256 αὐτῶν
647 2198 943 2272 διάμετρος
989 2197 1022 2271 ἡ
1073 2205 1274 2272 ΗΠΒ,
1329 2200 1423 2256 καὶ
1469 2199 1916 2273 καταγεγράφθω
1975 2241 1978 2243 Α

213 2285 278 2343 τὸ
320 2290 515 2358 σχῆμα.

340 2439 380 2478 1.
413 2435 633 2506 ΕΒΖΗ]
668 2438 863 2480 ΒΕΖΗ
892 2435 956 2481 F?
1079 2441 1120 2480 2.
1153 2435 1269 2480 Post
1296 2431 1783 2508 παραλληλόγραμμον
1807 2436 1912 2481 add
1985 2428 1988 2429 ’

218 2492 399 2539 Theon.
446 2490 499 2538 τὸ
541 2490 600 2564 δὴ
642 2498 741 2539 ΑΗ
775 2491 882 2551 ἤτοι
922 2497 1023 2539 ἴσον
1065 2490 1162 2540 ἐστὶ
1200 2494 1263 2555 τῷ
1306 2497 1350 2538 Γ
1383 2488 1413 2550 ἢ
1454 2497 1614 2565 μεῖζον
1655 2491 1805 2539 αὐτοῦ
1836 2492 1918 2540 διὰ
1978 2503 1988 2541 ἓ

218 2549 303 2597 τὸν
353 2550 598 2625 διορισμόν
639 2554 808 2611 (BVp,
846 2554 882 2598 F
916 2569 1009 2612 mg.
1043 2569 1102 2599 m.
1139 2559 1185 2608 l;
1225 2541 1310 2610 pro
1351 2551 1594 2611 διορισμόν
1624 2554 1802 2599 habent
1830 2553 1918 2599 FV
1980 2553 1988 2605 ’ς

221 2608 437 2669 ὁρισμόν,
477 2611 527 2656 in
564 2612 607 2656 V
652 2626 768 2658 corr.
808 2627 869 2658 m.
909 2615 973 2670 2).
1124 2619 1165 2658 3.
1174 2588 1301 2657 ἐστί
1252 2613 1325 2657 τίν
1355 2611 1411 2668 Ρ,
1451 2612 1502 2657 in
1532 2613 1567 2657 F
1602 2627 1708 2657 cum
1739 2611 1790 2658 τὸ
1824 2616 1923 2659 ΑΗ
1981 2642 1988 2650 .

222 2684 358 2716 euan.
512 2675 551 2716 6.
593 2672 716 2730 AH]
766 2685 897 2718 enan.
946 2673 996 2718 F.
1150 2677 1191 2718 8.
1225 2669 1308 2730 δέ]
1350 2667 1395 2716 δ’
1437 2671 1487 2716 F.
1641 2670 1779 2731 ἔστω]
1811 2671 1918 2726 PF;
1980 2668 1988 2679 “

225 2727 355 2774 ἔσται
387 2729 522 2787 Bp,
497 2725 623 2774 *ἐστι
653 2731 708 2775 V.
802 2729 855 2776 δὲ
885 2728 973 2802 τό]
1008 2730 1062 2777 δε
1094 2731 1179 2776 τοῦ
1210 2731 1263 2776 Β.
1356 2735 1398 2776 9.
1430 2730 1523 2789 τῷ]
1555 2727 1608 2775 τό
1641 2731 1693 2776 Β.
1794 2734 1885 2776 ΗΒ
1977 2766 1983 2775 .

225 2792 276 2833 H
303 2803 445 2846 supra.
474 2803 534 2834 m.
571 2794 595 2833 1
627 2789 685 2835 V.
836 2792 865 2835 δ
867 2787 925 2848 η’]
961 2788 1014 2835 δὲ
1046 2791 1126 2836 uel
1156 2792 1239 2836 δεῖ
1261 2790 1322 2844 Β,
1362 2791 1446 2835 δεῖ
1467 2804 1513 2847 p.
1667 2795 1735 2835 12.
1770 2786 1866 2836 ἐστι
1852 2807 1896 2835 ιν

224 2861 314 2892 om.
348 2847 400 2892 P.
497 2853 565 2894 13.
598 2849 730 2905 ΚΜ]
763 2848 888 2895 inter
917 2852 964 2894 K
993 2850 1041 2895 et
1070 2853 1131 2895 M
1153 2863 1249 2894 una
1279 2823 1372 2894 li’tt.
1404 2849 1444 2904 (ε
1457 2850 1496 2906 5³)
1537 2862 1670 2894 euan.
1703 2849 1753 2895 F.
1850 2854 1917 2894 14.

222 2906 341 2965 ΚΛ]
375 2910 472 2951 ΔΚ
499 2907 590 2964 Bp.
692 2912 760 2952 15.
797 2908 915 2966 ΗΒ]
948 2922 973 2953 e
1007 2922 1123 2953 corr.
1154 2923 1216 2953 m.
1252 2912 1275 2951 1
1309 2923 1353 2966 Ρ.
1450 2913 1518 2953 17.
1553 2908 1671 2966 ΚΛ]
1704 2910 1799 2953 ΛΚ
1826 2908 1909 2966 ΒΡ.
