1988 3152
155 627 182 666 5

135 1134 189 1173 10

133 1590 186 1629 15

131 2032 188 2072 20

218 145 328 198 250
855 144 1192 187 mommsen
1224 141 1280 198 ζ’.

218 266 333 319 τῶν
371 269 444 332 A,
483 267 545 315 Β.
617 264 769 315 ἔστιν
807 258 918 331 ἄρα
958 258 1032 325 ὡς
1073 258 1103 316 6
1146 268 1200 315 A
1239 260 1379 332 πρὸς
1415 259 1517 316 τὸν
1556 269 1626 331 A,
1669 259 1846 326 οὕτως
1887 259 1916 316 6

221 357 268 406 Β
315 350 454 422 πρὸς
498 347 601 403 τὸν
640 354 704 403 Ε.
784 351 842 404 οἱ
887 348 949 404 δὲ
988 355 1069 419 Δ,
1109 357 1163 403 A
1209 353 1446 421 πρῶτοι,
1494 352 1551 404 οἰ
1599 349 1660 404 δὲ
1707 353 1917 420 πρῶτοι

220 439 315 493 καὶ
356 437 651 508 ἐλάχιστοι,
694 438 752 491 oc
788 436 850 492 δὲ
889 436 1165 508 ἐλάχιστοι
1205 440 1471 508 μετροῦσι
1507 436 1642 501 τοὺς
1679 435 1780 491 τὸν
1820 434 1918 491 αὐ-

213 526 315 582 τὸν
373 525 546 596 λόγον
594 528 819 595 ἔχοντας
868 524 1048 590 ἰσάκις
1102 525 1134 580 ὅ
1179 546 1238 579 τε
1296 528 1494 595 μείζων
1541 523 1642 580 τὸν
1689 529 1914 595 μείζονα

214 614 309 668 καὶ
356 611 386 669 6
436 612 688 667 ἐλάσσων
734 611 837 668 τὸν
863 613 1186 683 ἐλάσσονα,
1233 612 1520 667 τουτέστιν
1568 612 1601 666 ὅ
1646 633 1703 667 τε
1749 609 1918 682 ἡγού-

215 721 382 772 μενος
427 698 527 755 τὸν
574 698 893 771 ἡγούμενον
939 700 1033 755 καὶ
1081 698 1110 755 6
1162 699 1430 771 ε’πόμενος
1475 698 1576 754 τὸν
1616 699 1913 770 ἑπόμενον·

216 787 246 846 6
289 795 345 843 A
383 786 493 859 ἄρα
531 787 633 843 τὸν
673 794 720 842 Β
760 799 959 861 μετρεῖ.
1028 786 1234 859 ὁμοίως
1273 787 1342 858 δὴ
1387 789 1657 858 δείξομεν,
1697 786 1783 842 ὅτι
1822 788 1915 842 καὶ

215 875 314 932 ἐὰν
353 875 455 932 τὸν
494 882 541 931 Β
580 875 652 947 μὴ
695 879 884 948 μετρῇ,
922 873 1023 931 τὸν
1062 883 1115 930 Α
1155 874 1426 946 μετρήσει.
1500 873 1530 930 6
1572 882 1627 930 A
1666 873 1775 946 ἄρα
1815 876 1913 930 ἕνα

214 968 327 1021 τῶν
366 972 438 1035 A,
477 970 525 1019 Β
565 975 770 1037 μετρεῖ·
835 964 970 1035 ὅπερ
1010 967 1123 1018 ἔδει
1168 964 1356 1029 δεῖξαι.

1006 1124 1123 1181 λα’.

313 1229 508 1294 ’Ἅπας
556 1228 879 1293 σύνθετος
926 1225 1214 1299 ἀριθμὸς
1259 1225 1381 1283 ὑπὸ
1422 1226 1684 1300 πρώτου
1721 1229 1909 1293 τινὸς

217 1314 512 1390 ἀριθμοῦ
552 1328 902 1388 μετρεῖται.

310 1403 493 1460 ’‘EG-cm
535 1404 810 1470 σύνθετος
848 1402 1093 1477 ἀριθμὸς
1132 1402 1161 1460 6
1196 1412 1270 1460 A·
1333 1406 1494 1476 λέγω,
1535 1403 1619 1460 ὅτι
1652 1401 1682 1459 6
1717 1412 1770 1459 A
1798 1402 1908 1460 ὑπὸ

216 1492 442 1564 πρώτου
480 1490 632 1558 τινὸς
671 1490 923 1565 ἀριθμοῦ
962 1504 1251 1565 μετρεῖται.

326 1580 474 1637 Ἐπεὶ
513 1580 623 1653 γὰρ
665 1580 942 1646 σύνθετός
982 1583 1131 1637 ἐστιν
1173 1578 1202 1638 6
1228 1590 1298 1653 A,
1339 1581 1595 1654 μετρήσει
1625 1603 1706 1647 τις
1738 1579 1912 1637 αὐτὸν

218 1669 478 1743 ἀριθμός.
531 1674 812 1742 μετρείτω,
851 1668 945 1723 καὶ
985 1673 1123 1724 ἔστω
1166 1667 1194 1724 6
1235 1675 1297 1724 Β.
1352 1669 1444 1724 καὶ
1485 1673 1535 1724 εἰ
1564 1691 1666 1740 μεν
1696 1668 1913 1742 πρῶτός

219 1761 370 1815 ἐστιν
411 1756 441 1814 6
482 1765 547 1829 Β,
587 1756 820 1829 γεγονὸς
857 1779 930 1812 αν
970 1764 1054 1864 εἴή
1094 1756 1157 1813 τὸ
1200 1759 1511 1830 ἐπιταχθέν.
1589 1761 1641 1813 εἰ
1678 1757 1740 1814 δὲ
1779 1757 1912 1813 σύν-

218 1855 408 1917 θετος,
467 1846 726 1919 μετρήσει
779 1866 862 1911 τις
918 1843 1092 1901 αὐτὸν
1145 1844 1403 1917 ἀριθμός.
1481 1850 1768 1917 μετρείτω,
1822 1846 1915 1901 καὶ

220 1939 358 1991 ἔστω
407 1932 437 1991 6
479 1940 537 1991 Γ.
614 1935 707 1989 καὶ
755 1934 870 1990 ἐπεὶ
918 1931 948 1989 6
980 1927 1043 1989 ’F
1073 1932 1173 1990 τὸν
1212 1940 1259 1989 Β
1300 1944 1508 2006 μετρεῖ,
1557 1931 1586 1987 6
1629 1932 1691 1988 δὲ
1729 1939 1776 1987 Β
1815 1932 1915 1989 τὸν

220 2031 273 2080 A
320 2034 528 2096 μετρεῖ,
582 2023 676 2078 καὶ
732 2019 761 2078 6
812 2026 866 2077 Γ
912 2020 1022 2095 ἄρα
1067 2020 1169 2077 τὸν
1209 2030 1262 2077 Α
1307 2032 1506 2094 μετρεῖ.
1579 2021 1690 2090 καὶ,
1720 2025 1772 2076 εἰ
1814 2021 1916 2092 μὲν

220 2112 438 2185 πρῶτός
478 2114 628 2168 ἐστιν
669 2109 698 2167 6
739 2116 803 2182 Γ,
851 2108 1084 2182 γεγονὸς
1130 2106 1204 2166 ἄν
1243 2111 1329 2181 εἶή
1367 2109 1430 2166 τὸ
1473 2110 1783 2181 ἐπιταχθέν.
1868 2113 1918 2164 εἰ

222 2201 284 2258 δὲ
332 2200 633 2270 σύνθετος,
681 2199 936 2273 μετρήσει
982 2222 1065 2265 τις
1112 2196 1287 2254 αὐτὸν
1325 2196 1582 2270 ἀριθμός.
1659 2197 1918 2268 τοιαύτης

223 2288 292 2361 δὴ
326 2289 625 2360 γινομένης
657 2289 994 2355 ἐπισκέψεως
1023 2287 1383 2359 ληφθήσεταί
1407 2309 1490 2352 τις
1512 2290 1729 2358 πρῶτος
1753 2283 1917 2358 ἀριθ-

222 2380 343 2450 μός,
385 2375 448 2443 ὃς
487 2377 755 2448 μετρήσει.
826 2380 878 2432 εἰ
915 2375 1022 2448 γὰρ
1064 2373 1132 2432 οὐ
1170 2374 1539 2447 ληφθήσεται,
1580 2378 1918 2447 μετρήσουσι

343 2575 384 2613 3.
417 2569 527 2626 καί]
567 2582 656 2612 om.
695 2583 741 2624 p.
895 2563 944 2610 οἴ
978 2564 1031 2611 δε
1074 2561 1328 2637 ἔλαχιστοι]
1370 2577 1510 2620 supra
1548 2563 1607 2620 P,
1646 2563 1697 2607 in
1728 2578 1821 2620 mg.
1855 2579 1917 2608 m.

226 2635 250 2674 1
282 2627 386 2684 Vq).
477 2631 518 2671 4.
552 2628 723 2683 μείζων
745 2622 875 2696 τόν]’
907 2639 1001 2682 mg.
1038 2641 1073 2681 φ
1107 2627 1207 2694 (τον
1238 2639 1291 2667 111
1321 2624 1445 2679 ras).
1540 2627 1579 2667 6.
1596 2598 1722 2679 τόν]
1750 2621 1918 2679 (prius)

223 2689 274 2732 in
296 2700 387 2732 ras.
419 2703 469 2742 φ.
554 2691 596 2730 8.
629 2688 665 2728 Β
697 2681 781 2743 μή]
814 2700 864 2728 m
895 2699 984 2729 ras.
1015 2699 1068 2741 p;
1102 2680 1165 2741 μή
1199 2697 1339 2740 supra
1368 2682 1412 2726 V
1434 2697 1496 2725 m.
1523 2687 1562 2725 2.
1625 2682 1739 2726 Post
1770 2681 1912 2737 μετρῇ

224 2761 314 2791 ras
364 2751 387 2789 1
434 2744 526 2789 list.
572 2759 619 2801 p.
771 2748 811 2787 9.
860 2742 1078 2799 Sequitur
1122 2742 1172 2786 in
1218 2742 1394 2798 BVpcp
1440 2741 1535 2785 alia
1581 2739 1916 2785 demonstratio

224 2819 358 2862 prop.
390 2802 541 2848 XXXI
572 2817 601 2847 a
631 2801 819 2847 Tbeone
852 2800 1035 2856 addita3
1069 2817 1114 2846 u.
1146 2815 1252 2859 app.
1378 2805 1446 2846 10.
1478 2797 1552 2856 λγ’
1592 2798 1750 2854 Bqu,
1788 2799 1826 2842 Ρ
1856 2813 1918 2842 m.

225 2878 344 2917 ree.;
377 2861 454 2907 λδ’
486 2877 531 2919 p.
686 2866 754 2905 14.
789 2862 1013 2918 μετρῆται
1044 2861 1102 2915 Ρ,
1144 2874 1259 2905 corr.
1291 2874 1351 2903 111.
1385 2864 1426 2903 2.
1581 2864 1650 2903 17.
1683 2859 1825 2913 δῆλον
1856 2853 1918 2900 ἄν

229 2924 303 2979 εἴη
356 2918 408 2966 τὸ
459 2917 746 2978 ζητούμενον
793 2919 957 2964 Theon
1004 2918 1246 2977 (BVpaep).
1398 2922 1470 2962 20.
1510 2916 1696 2975 μετρεῖ]
1738 2915 1919 2973 (prius)
