1988 3152
203 169 311 223 198
838 168 1175 212 ΣΤΟΙΧΕΙΩΝ
1208 164 1266 221 ζ’.

204 289 434 359 μέτρον,
483 285 740 357 μετρήσει
788 308 870 350 τις
915 283 1046 350 τοὺς
1095 293 1172 355 A,
1205 291 1278 355 B,
1312 290 1365 339 Γ
1411 282 1690 358 ἀριθμοὺς
1736 281 1899 355 ἀριθ-

201 375 304 447 μὸς
344 380 542 446 μείζων
583 371 663 430 ὢν
702 377 804 430 τοῦ
842 380 906 430 Ε.
983 378 1262 447 μετρείτω,
1301 373 1393 427 καὶ
1434 377 1571 428 ἔστω
1613 373 1642 428 6
1678 379 1737 427 Ζ.
1805 372 1897 427 καὶ

202 465 319 520 ἐπεὶ
359 462 388 519 6
432 469 477 518 Ζ
515 461 647 527 τοὺς
686 470 757 533 A,
790 468 856 532 B,
890 466 944 517 Γ
974 472 1178 534 μετρεῖ,
1218 461 1310 516 καὶ
1342 459 1474 526 τοὺς
1505 469 1574 530 A,
1607 466 1653 515 Β
1693 472 1897 533 μετρεῖ·

197 552 291 608 καὶ
344 549 406 607 τὸ
462 554 577 605 τῶν
623 558 703 620 A,
735 556 782 605 Β
830 549 941 623 ἄρα
995 552 1255 621 μέγιστον
1301 547 1498 604 κοινὸν
1551 550 1753 621 μέτρον
1808 571 1892 620 με-

141 655 167 695 5
199 638 404 712 τρήσει.
496 636 559 694 τὸ
618 637 680 693 δὲ
734 642 847 695 τῶν
901 646 978 710 A,
1011 645 1058 694 Β
1114 640 1375 710 μέγιστον
1436 637 1632 693 κοινὸν
1695 639 1897 710 μέτρον

199 728 349 784 ἐστὶν
405 727 435 784 6
487 733 564 781 A·
621 727 650 783 6
702 733 746 782 Ζ
797 728 909 799 ἄρα
953 726 1054 783 τὸν
1104 735 1159 782 A
1207 738 1410 799 μετρεῖ·
1466 738 1654 799 μετρεῖ
1698 727 1760 783 δὲ
1805 729 1897 783 καὶ

195 815 298 873 τὸν
329 821 397 872 Γ·
438 817 468 873 6
510 822 556 871 Z
596 815 707 888 ἄρα
744 815 876 881 τοὺς
916 822 996 886 A,
1030 821 1083 871 Γ
1114 827 1316 887 μετρεῖ·
1357 816 1449 871 καὶ
1487 813 1551 871 τὸ
1592 819 1704 871 τῶν
1746 824 1818 886 A,
1854 822 1907 871 Γ

197 903 308 977 ἄρα
347 906 608 976 μέγιστον
647 903 844 960 κοινὸν
883 906 1085 976 μέτρον
1125 904 1397 976 μετρήσει.
1473 903 1535 960 τὸ
1578 904 1639 960 δὲ
1677 908 1790 961 τῶν
1824 913 1896 976 A,

196 997 251 1048 Γ
289 994 551 1065 μέγιστον
597 991 796 1048 κοινὸν
844 994 1049 1066 μέτρον
1095 993 1248 1049 ἐστὶν
1289 994 1318 1049 6
1362 1000 1430 1049 E·
1480 991 1508 1049 6
1553 1000 1597 1048 Ζ
1648 994 1757 1065 ἄρα
1795 994 1896 1050 τὸν

113 1097 167 1137 10
200 1087 252 1136 Ε
289 1093 476 1154 μετρεῖ
521 1081 549 1137 ὁ
593 1085 793 1152 μείζων
831 1079 932 1137 τὸν
974 1081 1272 1137 ἐλάσσονα·
1322 1080 1455 1154 ὅπερ
1497 1082 1648 1138 ἐστὶν
1687 1080 1896 1139 ἀδύνα-

195 1192 310 1226 τον.
397 1169 499 1226 οὐκ
553 1169 662 1240 ἄρα
716 1169 848 1235 τοὺς
894 1176 965 1240 A,
997 1175 1064 1240 B,
1098 1174 1151 1224 Γ
1191 1168 1472 1242 ἀριθμοὺς
1519 1169 1763 1242 ἀριθμός
1816 1193 1898 1237 τις

197 1259 454 1332 μετρήσει
509 1264 709 1331 μείζων
760 1255 841 1313 ι-ὂν
888 1262 992 1314 τοῦ
1038 1264 1108 1313 Ε·
1157 1258 1186 1314 6
1237 1264 1290 1313 E
1332 1256 1443 1327 ἄρα
1481 1262 1594 1314 τῶν
1634 1266 1713 1329 A,
1745 1266 1817 1329 B,
1849 1265 1901 1315 Γ

197 1348 459 1418 μέγιστόν
501 1350 615 1404 ἐστι
654 1347 851 1404 κοινὸν
892 1349 1116 1419 μέτρον·
1161 1345 1295 1417 ὅπερ
1337 1349 1449 1401 ἔδει
1490 1349 1678 1414 δεῖξαι.

1013 1509 1084 1565 δ’.

118 1628 172 1668 15
304 1611 500 1678 ”Ἀπας
554 1610 843 1686 ἀριθμὸς
887 1611 1134 1679 παντὸς
1180 1611 1473 1686 ἀριθμοῦ
1522 1611 1551 1669 6
1603 1613 1898 1670 ἐλάσσων

194 1705 311 1758 τοῦ
350 1706 653 1773 μείζονος
691 1704 838 1774 ἤτοι
879 1703 1075 1774 μέρος
1116 1702 1296 1757 ἐστὶν
1337 1698 1370 1772 ἢ
1413 1702 1589 1773 μέρη.
1690 1760 1692 1762 ,

215 1812 222 1821 ‘
290 1789 583 1847 ’Ἑστωσαν
624 1790 730 1847 δύο
771 1789 1010 1861 ἀριθμοὶ
1050 1793 1108 1846 οἰ
1144 1798 1221 1861 A,
1254 1795 1375 1861 ΒΓ,
1414 1790 1508 1845 καὶ
1549 1794 1686 1846 ἔστω
1738 1789 1891 1847 ἐλάσ-

195 1895 313 1935 σων
354 1877 383 1934 ὃ
424 1885 549 1935 ΒΓ·
591 1881 760 1951 λέγω,
803 1877 888 1935 ὅτι
930 1876 958 1935 6
1000 1883 1112 1934 ΒΓ
1141 1883 1243 1935 τοῦ
1280 1887 1333 1934 A
1371 1877 1495 1950 ἤτοι
1537 1881 1703 1951 μέρος
1742 1880 1894 1935 ἐστὶν

194 1965 230 2039 ἢ
272 1969 426 2040 μέρη·

107 2072 162 2112 20
309 2059 381 2113 Οἱ
431 2065 508 2127 A,
542 2062 654 2112 ΒΓ
699 2056 808 2129 γὰρ
862 2055 988 2128 ἤτοι
1038 2059 1248 2129 πρῶτοι
1303 2055 1441 2129 πρὸς
1491 2055 1767 2128 ἀλλήλους
1822 2061 1892 2113 ει’-

194 2147 287 2202 σὶν
326 2143 360 2216 ἢ
403 2144 487 2201 οὔ.
566 2150 813 2201 ἔστωσαν
853 2145 1126 2218 πρότερον
1166 2147 1225 2200 οἰ
1254 2152 1332 2215 A,
1367 2150 1476 2201 ΒΓ
1508 2149 1717 2217 πρῶτοι
1755 2145 1894 2218 πρὸς

318 2358 356 2399 1.
389 2349 651 2423 ἀριθμούς]
686 2366 776 2397 om.
808 2353 859 2396 P.
981 2357 1023 2396 4.
1057 2348 1171 2410 ἄρα]
1206 2366 1295 2397 om.
1329 2351 1383 2396 V.
1508 2349 1677 2409 μέτρον
1725 2364 1814 2396 om.
1840 2351 1889 2397 P.

198 2417 236 2458 7.
270 2409 374 2465 τόν]
407 2408 461 2455 τό
493 2412 549 2466 F,
584 2411 666 2455 sed
698 2425 812 2456 corr.
935 2409 1019 2470 τό]
1053 2424 1192 2468 supra
1222 2426 1282 2455 m.
1317 2415 1340 2454 1
1375 2411 1424 2456 P.
1548 2416 1605 2466 A,
1632 2414 1676 2454 Γ
1727 2424 1751 2454 e
1777 2425 1890 2456 corr.

194 2487 256 2516 m.
290 2476 316 2515 2
348 2470 404 2514 V.
545 2475 614 2514 11.
647 2466 902 2529 ἀριθμούς]
929 2485 1087 2546 pomp.
1120 2470 1176 2523 F3
1215 2484 1304 2514 om.
1336 2469 1432 2527 Vp.
1573 2474 1641 2513 13.
1703 2485 1802 2514 στιν
1835 2471 1888 2514 V.

195 2529 312 2575 Post
343 2545 514 2587 μετρον
549 2529 656 2573 add.
690 2528 800 2574 BV:
840 2529 980 2587 τριῶν
1021 2529 1117 2586 ἄρα
1157 2524 1375 2586 ἀριθμῶν
1416 2527 1659 2573 δοθέντων
1690 2524 1892 2585 ηὕρηται

194 2586 249 2633 τὸ
267 2589 486 2646 μέγιστον
502 2585 665 2632 κοινὸν
691 2589 875 2656 μέτρον.
968 2588 1151 2646 δεῖξαι]
1177 2587 1236 2643 P,
1262 2589 1456 2644 ποιῆσαι
1480 2587 1642 2633 Theon
1666 2587 1889 2659 (BFVp).

197 2648 305 2704 Seq.
333 2647 384 2692 in
414 2661 470 2704 p,
502 2647 540 2690 Β
570 2646 620 2691 in
652 2663 744 2705 mg.
778 2649 871 2695 imo
903 2663 964 2694 m.
1001 2653 1052 2706 1,
1082 2647 1244 2704 Vmg.
1277 2662 1336 2691 m.
1371 2653 1421 2691 2:
1461 2643 1680 2719 πόρισμα.
1745 2642 1796 2691 ἐκ
1829 2643 1888 2702 δή

195 2709 331 2778 (eras.
373 2706 430 2777 Β)
477 2703 646 2751 τούτου
689 2703 887 2779 (τούτων
910 2707 986 2779 V)
1028 2683 1262 2780 φανερόν,
1302 2723 1373 2751 οτι
1412 2702 1499 2751 ἐὰν
1530 2702 1738 2779 ἀριθμὸς
1767 2711 1891 2777 τρεῖς

196 2762 434 2838 ἀριθμοὺς
466 2766 631 2839 μετρῇ,
663 2765 745 2810 καὶ
775 2763 826 2810 τὸ
862 2763 1085 2838 μέγιστον
1113 2764 1270 2810 αὐτῶν
1314 2763 1476 2809 κοινὸν
1516 2763 1685 2835 μέτρον
1726 2761 1888 2835 μετρή-

197 2840 281 2870 σει.
346 2821 519 2879 ὁμοίως
567 2822 619 2869 δε
665 2825 744 2868 καὶ
785 2822 1016 2869 πλειόνων
1048 2821 1276 2897 ἀριθμῶν
1315 2822 1560 2868 δοθέντων
1599 2822 1660 2894 μὴ
1693 2820 1888 2879 πρώτων

195 2882 314 2955 πρὸς
361 2880 588 2939 αλλήλους
632 2879 685 2927 τὸ
735 2883 954 2956 μέγιστον
1002 2881 1159 2928 αὐτῶν
1206 2887 1313 2939 (om.
1362 2882 1462 2940 Vp)
1509 2879 1673 2928 κοινὸν
1719 2881 1888 2940 μέτρον

197 2939 464 3001 εὑρίσκεται
497 2942 578 2987 καὶ
609 2939 661 2987 τὸ
695 2940 902 3001 πόρισμα
941 2940 1246 3001 προχωρήσει.
1307 2942 1557 2987 Praeterea
1587 2941 1631 2985 V
1668 2940 1718 2986 in
1755 2943 1888 2986 textu
