1988 3152
533 95 992 139 ELEMENTORUM
1019 96 1202 138 LIBER
1231 96 1353 140 an
1687 93 1798 145 315

116 223 169 274 Γ
191 231 263 276 ><
294 221 341 271 Ζ
371 241 440 261 =
472 219 541 280 Θ,
582 220 637 268 A
669 227 741 271 ><
775 218 820 267 Ζ
851 239 922 257 =
955 217 1024 267 K.
1094 213 1442 268 manifestum
1481 213 1663 284 igitur,
1700 231 1797 266 nu-

120 324 296 361 meros
335 308 397 373 E,
430 307 491 372 Z,
522 306 584 355 H
619 306 674 356 et
711 307 780 372 A,
809 306 873 372 Θ,
904 305 973 371 K,
1004 305 1051 354 Β
1084 301 1335 370 deinceps
1366 301 1798 370 proportionales

115 412 231 448 esse
268 393 324 446 in
361 391 571 444 ratione
610 393 693 444 F:
720 395 777 443 A
818 388 991 461 [prop.
1021 389 1167 456 XII].
1246 392 1302 443 et
1342 390 1600 460 quoniam
1638 394 1706 458 A,
1738 391 1800 458 Θ,

113 486 181 551 Κ,
213 485 261 534 Β
298 480 547 548 deinceps
585 477 1020 547 proportionales
1061 480 1209 546 sunt,
1251 480 1306 530 et
1343 482 1398 530 A
1434 495 1717 531 numerum
1749 479 1798 529 Β

113 569 349 638 metitur,
374 567 844 621 etiamnumerum
869 570 916 619 Θ
949 567 1171 619 metitur
1203 568 1378 636 [prop.
1401 565 1552 636 VII].
1612 584 1800 619 uerum

112 664 166 711 A
189 678 202 710 τ
227 661 275 710 Θ
306 682 375 700 =
407 658 462 709 Γ
491 675 504 708 :
529 659 598 708 A.
660 672 790 726 ergo
831 655 994 707 etiam
1042 656 1095 707 Γ
1134 672 1419 707 numerum
1463 658 1519 706 A
1564 653 1802 706 meiitur.

229 745 437 797 Rursus
460 743 717 796 metiatur
748 745 802 797 Γ
825 760 1105 796 numerum
1140 747 1209 796 A.
1271 742 1406 811 dico,
1438 742 1603 795 etiam
1634 746 1688 795 A
1711 760 1804 795 nu-

113 851 317 885 merum
363 834 411 883 B
459 831 653 884 metiri.
744 849 875 884 nam
926 830 1120 883 iisdem
1167 831 1499 899 comparatis
1555 830 1803 883 similiter

112 919 626 988 demonstrabimUS,
676 937 928 971 numeros
975 923 1050 987 A,
1083 922 1151 987 Θ,
1182 920 1260 987 Κ,
1291 921 1337 970 Β
1378 918 1630 988 deinceps
1678 936 1803 987 pro-

111 1008 443 1078 portionales
477 1024 594 1060 esse
633 1007 691 1059 in
729 1006 940 1060 ratione
978 1008 1061 1058 Γε
1087 1010 1157 1059 A.
1234 1009 1289 1058 et
1327 1006 1583 1075 quoniam
1622 1007 1676 1058 Γ
1707 1023 1803 1058 nu-

113 1114 319 1149 merum
367 1100 423 1147 A
461 1095 703 1163 metitur,
752 1097 811 1146 et
852 1096 942 1147 Γε
975 1097 1033 1145 A
1064 1118 1134 1136 =
1168 1098 1222 1145 A
1254 1112 1267 1146 :
1298 1097 1368 1162 Θ,
1409 1093 1574 1146 etiam
1614 1098 1668 1145 A
1705 1111 1801 1146 nu·

115 1203 320 1237 merum
359 1187 408 1236 Θ
445 1183 666 1235 metitur
706 1180 835 1248 [VII
868 1181 970 1235 def.
1001 1182 1113 1247 20].
1191 1199 1355 1250 quare
1397 1181 1563 1233 etiam
1613 1199 1801 1234 nume·

116 1291 237 1325 rum
276 1271 379 1342 13¹)
419 1271 642 1324 metitur
680 1276 735 1323 Α
746 1290 759 1339 ;
801 1270 942 1340 quod
982 1272 1099 1322 erat
1138 1269 1637 1323 demonstrandum.

879 1431 1027 1486 XVI.

225 1535 283 1589 Si
330 1554 586 1590 numerus
635 1536 929 1605 quadratus
979 1534 1301 1604 quadratum
1354 1553 1640 1589 numerum
1693 1555 1805 1590 non

112 1626 360 1693 metitur,
406 1642 475 1677 ne
522 1625 664 1678 latus
707 1624 922 1694 quidem
969 1624 1113 1676 latus
1152 1623 1430 1695 metietur3
1483 1627 1538 1677 et
1578 1625 1623 1677 si
1661 1625 1804 1679 latus

116 1714 259 1766 latus
305 1704 428 1766 non
462 1714 702 1782 metitur,
754 1731 822 1766 ne
869 1712 1162 1783 quadratus
1210 1711 1427 1782 quidem
1482 1713 1803 1782 quadratum

116 1803 382 1855 metietur.

112 1899 164 1939 A·
263 1898 269 1901 ’
434 1911 438 1938 ι
760 1889 881 1944 Sint
910 1889 1119 1943 numeri
1152 1889 1400 1959 quadrati
1425 1894 1493 1960 A,
1523 1894 1587 1960 Β,
1626 1891 1799 1945 latera

116 1986 572 2027 Be—=
650 1982 828 2032 aussem
868 1997 1053 2032 eorum
1094 1978 1204 2030 sini]
1246 1980 1302 2047 Γ,
1329 1982 1397 2046 A,
1437 1982 1492 2032 et
1530 1984 1584 2032 A
1621 1999 1806 2034 nume-

119 2074 346 2115 r·———
651 2086 771 2120 rum
804 2070 849 2119 Β
882 2084 948 2119 ne
987 2066 1257 2119 metiatur.
1321 2066 1457 2136 dico,
1496 2085 1563 2120 ne
1602 2071 1656 2121 Γ
1689 2069 1806 2138 qui-

116 2165 159 2204 A
651 2155 769 2207 dem
808 2172 1092 2207 numerum
1131 2158 1187 2207 A
1224 2155 1419 2208 metiri.

231 2261 358 2296 nam
407 2244 451 2296 si
500 2246 552 2296 Γ
589 2261 871 2296 numerum
921 2248 976 2295 A
1022 2243 1264 2312 metitur,
1317 2244 1482 2297 etiam
1530 2250 1584 2298 A
1621 2263 1807 2299 nume·

118 2348 236 2383 rum
275 2334 323 2384 B
363 2332 617 2384 metietur
658 2333 832 2400 [prop.
864 2329 1036 2397 XIVJ.
1114 2334 1171 2383 ab
1209 2336 1262 2383 A
1299 2349 1580 2385 numerum
1615 2336 1663 2386 Β
1695 2352 1807 2388 non

117 2420 355 2473 metitur.
425 2437 553 2490 ergo
609 2436 676 2472 ne
723 2421 775 2471 Γ
824 2419 1039 2488 quidem
1084 2437 1368 2473 numerum
1425 2424 1480 2473 A
1535 2422 1808 2476 metietur.

238 2581 279 2635 1)
313 2577 402 2625 cfr.
435 2594 478 2636 p.
513 2585 599 2624 313
633 2581 728 2624 not.

125 2759 152 2799 2
185 2755 243 2810 Β,
276 2769 364 2800 om.
398 2754 497 2813 ch.
644 2762 711 2802 19.
745 2753 837 2815 μή]
872 2771 1011 2813 supra
1042 2756 1096 2802 V.
1240 2762 1311 2802 22.
1344 2755 1570 2818 ἀριθμοί]
1605 2774 1665 2802 m.
1698 2763 1725 2803 2
1759 2759 1809 2815 B,

123 2827 214 2859 om.
246 2813 347 2870 Vm.
499 2819 568 2860 23.
602 2813 693 2874 μή]
735 2829 877 2873 supra.
907 2816 963 2861 V.
1114 2821 1187 2863 24.
1227 2817 1344 2874 λέγω
1385 2816 1441 2862 δέ
1479 2819 1530 2862 P.
1596 2814 1703 2862 οὐδ’
1747 2819 1803 2863 V.

127 2869 462 2930 μετρνζσεινφ.
556 2879 791 2931 μετρεῖ-
819 2879 895 2919 25:
921 2873 1005 2920 τὸν
1030 2875 1098 2935 A]
1124 2890 1215 2934 mg.
1242 2891 1303 2920 m.
1332 2882 1355 2921 1
1381 2878 1432 2923 Ρ.
1525 2882 1596 2922 26.
1622 2872 1730 2922 οὐδ’
1757 2877 1811 2921 B.
