1988 3152
549 11 1009 54 ELEMENTORUM
1039 9 1221 50 LIBER
1250 9 1329 51 IX.
1683 5 1792 59 357

101 153 231 188 nam
254 133 510 202 quoniam
528 136 596 200 A,
612 135 676 201 Β,
692 133 746 184 Γ
762 130 1013 198 deinceps
1039 129 1471 198 proportionales
1497 131 1638 198 sunt,
1666 133 1719 182 et
1742 135 1795 182 A

0 209 13 282 ἶ.
102 222 397 293 quadratus
438 223 537 289 est,
577 220 740 273 etiam
773 221 827 272 Γ
859 218 1155 288 quadratus
1197 219 1279 270 est
1311 216 1486 286 [VIIL
1512 219 1622 284 22].
1677 239 1794 271 rur-

0 329 10 363 1
102 330 192 364 sus
233 310 489 379 quoniam
520 313 583 378 Β,
617 311 676 377 Γ,
709 312 764 360 A
804 307 1054 377 deinceps
1094 307 1528 376 proportionales
1562 311 1702 377 sunt,
1742 311 1796 360 et

100 404 147 453 Β
200 399 494 469 quadratus
545 401 650 467 est,
700 397 866 450 etiam'
903 400 958 447 A
1006 396 1300 465 quadratus
1351 399 1434 449 est
1474 395 1651 463 [VIII‚
1683 398 1794 464 22].

0 475 2 477 .
102 489 351 542 similiter
391 486 908 554 demonstrabimUS,
956 485 1119 538 etiam
1159 485 1397 554 reliquos
1439 503 1624 538 omnes
1666 504 1794 555 qua-

100 579 285 631 dratos
327 595 458 630 esse.

212 671 269 719 at
307 684 494 718 rursus
526 670 580 718 A
620 665 787 717 cubus
822 664 907 717 sit.
963 663 1099 732 dico,
1140 664 1305 716 etiam
1336 664 1571 732 reliquos
1606 682 1791 717 omnes

98 757 263 809 cubos
304 773 437 807 esse.

210 847 461 913 quartum
502 843 717 912 quidem
758 843 825 894 ab
865 843 1076 894 unitate
1107 845 1160 895 Γ
1193 842 1388 894 cubum
1426 861 1543 895 esse
1578 846 1632 896 et
1663 842 1794 895 item

98 951 310 1000 omneS‚
362 932 453 1002 qui
505 932 712 984 duobus
763 930 897 984 locis
947 931 1171 999 distent,
1224 931 1662 984 demonstratum
1709 935 1794 985 est

44 1043 55 1053 ’
99 1025 270 1091 [prop.
295 1020 472 1087 VIIIJ.
549 1020 692 1089 dico,
741 1019 906 1072 etiam
953 1020 1188 1089 reliquos
1232 1038 1417 1072 omnes
1458 1021 1622 1074 cubos
1656 1039 1790 1074 esse.

205 1129 333 1163 nam
359 1109 615 1179 quoniam
640 1111 723 1161 est
750 1109 776 1160 1
806 1128 818 1161 :
841 1112 896 1160 A
915 1134 983 1151 =
1010 1114 1063 1160 A
1087 1128 1099 1160 ε
1125 1112 1187 1178 Β,
1223 1109 1404 1161 unitas
1428 1127 1713 1163 numerum
1740 1116 1793 1163 A

96 1205 151 1254 et
197 1205 250 1252 A
297 1218 583 1252 numerum
622 1202 668 1251 Β
717 1198 1018 1267 aequaliter
1064 1198 1302 1250 metitur.
1379 1197 1560 1252 unitas
1610 1202 1792 1252 autem

93 1308 378 1343 numerum
418 1293 471 1341 A
511 1288 802 1341 secundum
841 1287 1082 1340 unitates
1121 1287 1291 1355 ipsius
1331 1288 1563 1341 metitur.
1626 1306 1792 1356 quare

95 1380 262 1433 etiam
294 1382 347 1431 A
384 1395 668 1429 numerum
692 1379 739 1428 Β
783 1375 1075 1429 secundum
1114 1376 1351 1428 unitates
1393 1395 1516 1430 suas
1556 1377 1793 1431 metitur.

93 1469 276 1536 itaque
316 1473 369 1519 A
393 1479 464 1522 ><
491 1470 543 1518 A
568 1491 637 1509 =
664 1468 726 1517 Β.
797 1468 850 1517 et
889 1470 941 1517 A
982 1465 1149 1517 cubus
1192 1468 1288 1518 est.
1356 1465 1444 1518 sin
1484 1467 1654 1519 cubus
1694 1485 1791 1519 nu-

94 1574 273 1609 merus
321 1575 377 1608 se
423 1557 603 1625 ipsum
651 1554 1018 1622 multiplicans
1057 1572 1343 1606 numerum
1393 1555 1630 1623 aliquem
1678 1557 1793 1609 effi-

96 1647 191 1713 cit,
239 1663 494 1697 numerus
550 1643 846 1713 productus
895 1644 1063 1696 cubus
1113 1647 1196 1696 est
1243 1646 1417 1712 [prop.
1462 1644 1583 1712 III].
1663 1663 1791 1716 ergo

92 1734 258 1786 etiam
298 1737 345 1786 Β
394 1734 562 1787 cubus
610 1736 707 1786 est.
786 1735 839 1784 et
878 1733 1133 1802 quoniam
1175 1736 1432 1801 quattuor
1470 1735 1681 1787 numeri
1720 1740 1788 1803 A,

92 1827 154 1890 Β,
186 1825 246 1887 Γ,
279 1826 335 1875 A
374 1823 624 1891 deinceps
664 1823 1103 1891 proportionales
1144 1826 1285 1893 sunt,
1326 1826 1381 1876 et
1405 1828 1458 1876 A
1491 1824 1658 1877 cubus
1692 1828 1791 1894 est,

92 1914 258 1965 etiam
293 1917 348 1964 A
387 1913 555 1965 cubus
597 1915 681 1964 est
713 1910 889 1980 [VIII‚
916 1912 1026 1978 23].
1090 1912 1275 1964 eadem
1316 1912 1379 1964 de
1421 1931 1582 1970 causa
1622 1914 1789 1967 etiam

92 2005 145 2054 E
197 2002 365 2054 cubus
423 2006 530 2068 est,
585 2004 639 2054 et
686 2000 938 2054 similiter
985 2000 1179 2069 reliqui
1211 2019 1415 2054 omnes
1465 2003 1588 2055 cubi
1637 2005 1791 2074 sunt3

91 2092 234 2160 quod
274 2093 390 2143 erat
429 2089 927 2144 demonstrandum.

904 2252 968 2305 X.

204 2355 260 2410 Si
300 2358 565 2428 quotlibet
604 2357 817 2410 numeri
856 2357 926 2410 ab
959 2358 1168 2410 unitate
1202 2358 1452 2428 deinceps
1484 2362 1790 2430 proportio-

91 2502 141 2549 ἐν
189 2505 253 2575 τῷ
298 2503 401 2560 ch.
559 2509 627 2548 16.
676 2503 758 2547 καὶ
807 2499 831 2547 ὁ
880 2508 1102 2548 A—17:
1152 2502 1387 2577 μονάδας]
1436 2521 1528 2564 mg.
1570 2522 1631 2552 m.
1678 2511 1700 2549 1
1735 2508 1787 2552 P.

92 2570 158 2609 16.
192 2559 320 2624 αὐτῷ
380 2563 444 2634 τῷ
478 2577 619 2635 supra
651 2577 736 2608 scr.
772 2559 901 2621 αὐτῷ
937 2564 998 2618 V3
1033 2565 1095 2624 τῷ
1130 2560 1259 2621 αὐτῷ
1295 2582 1344 2620 φ.
1450 2570 1518 2611 18.
1552 2568 1785 2638 πεποίηκε

89 2623 192 2695 Vq).
337 2622 371 2692 ]
406 2618 469 2674 ὡς
501 2619 526 2667 ὁ
559 2623 620 2675 Ρ,
662 2622 744 2667 sed
777 2635 891 2667 corr
925 2631 1060 2669 111.1.
1184 2622 1394 2670 2Ο.ἐστί
1419 2625 1522 2683 ch.
1646 2626 1727 2670 καὶ
1761 2623 1786 2670 ὁ

90 2686 125 2726 Β
160 2679 221 2737 ἄρ
226 2698 255 2725 α
288 2678 434 2739 κύβος
466 2677 618 2741 ἐστίν]
660 2696 750 2727 om.
791 2681 839 2727 P.
906 2679 1008 2728 ἐστι’
1035 2683 1135 2740 ch.
1261 2688 1332 2730 21.
1367 2683 1456 2729 εἰσι
1476 2686 1589 2757 Vq).
1713 2690 1784 2731 22.

92 2738 241 2813 ἐστίν]
275 2739 393 2798 (alt.)
428 2738 528 2786 ἐστί
555 2740 658 2798 ch.
753 2746 822 2785 23
859 2738 961 2787 ἐστί
987 2744 1090 2800 ch.
1184 2749 1254 2789 24
1293 2739 1438 2803 ὅπερ]
1467 2741 1512 2790 ὁ·
1545 2746 1595 2789 in
1618 2759 1706 2790 ras.
1734 2762 1784 2801 φ.

89 2806 158 2846 26.
195 2796 330 2858 ἑξῆς]
365 2815 455 2845 0111.
488 2802 538 2847 P.
