1988 3152
99 1043 152 1083 10

95 1490 150 1531 15

94 2020 150 2060 20

91 2460 147 2501 25

189 125 298 178 332
821 125 1156 168 ΣΤοΙΧΕΙῼΝ
1187 122 1252 181 η’.

187 240 287 298 τὸν
338 247 393 297 Γ
430 252 637 313 μετρεῖ,
688 244 954 297 τοσαῦται
1000 241 1241 312 μονάδες
1287 246 1534 299 ἔστωσαν
1583 244 1643 298 ἐν
1689 244 1764 319 τῷ
1812 244 1873 303 Ξ.

190 328 220 386 6
265 337 332 386 Η
370 329 480 402 ἄρα
526 328 627 384 τὸν
666 335 713 384 Β
760 339 948 401 μετρεῖ
981 327 1118 384 κατὰ
1157 329 1255 395 τὰς
1294 333 1354 386 ἐν
1391 334 1466 406 τῷ
1506 333 1555 393 Ξ
1596 331 1868 402 μονάδας·

189 416 219 474 6
268 421 318 481 Ξ
359 416 469 487 ἄρα
514 414 617 471 τὸν
662 421 728 471 Η
764 415 1252 482 πολλαπλασιάσας
1301 416 1400 472 τὸν
1454 424 1502 472 Β
1553 424 1866 490 πεποίηκεν.

190 506 219 561 6
263 505 325 561 δὲ
362 511 428 560 Η
461 508 612 561 ἐστιν
652 501 681 559 6
723 505 781 559 ἐκ
819 506 931 559 τῶν
971 508 1048 574 Λ,
1082 510 1166 559 M·
1214 503 1244 561 6
1283 507 1332 567 Ξ
1366 504 1476 577 ἄρα
1513 507 1614 562 τὸν
1653 509 1711 562 ἐκ
1748 511 1863 563 τῶν

188 598 263 663 A,
296 598 371 647 Μ
398 591 885 658 πολλαπλασιάσας
914 590 1015 648 τὸν
1046 598 1094 646 Β
1126 598 1437 664 πεποίηκεν.
1507 594 1726 665 στερεὸς
1757 593 1867 665 ἄρα

187 681 337 736 ἐστὶν
386 680 416 735 6
465 686 538 750 Β,
585 680 819 752 πλευραὶ
866 679 928 736 δὲ
974 679 1150 736 αὐτοῦ
1196 684 1338 736 εἰσιν
1378 684 1436 736 οἱ
1473 688 1550 752 Λ,
1583 688 1672 751 Μ,
1711 685 1776 744 Ξ·
1819 685 1878 738 οἰ

189 776 256 839 A,
289 774 337 822 Β
377 766 487 839 ἄρα
526 772 743 839 στερεοί
776 771 934 824 εἰσιν.

298 860 455 927 Λέγω
499 857 635 926 [δή],
676 856 762 912 ὅτι
799 857 891 911 καὶ
925 854 1126 927 ὅμοιοι.
1194 858 1309 912 ἐπεὶ
1347 856 1455 930 γὰρ
1488 860 1548 913 οἶ
1581 862 1656 929 Ν,
1688 861 1738 922 Ξ
1771 858 1873 914 τὸν

187 950 238 998 Ε
281 943 863 1010 πολλαπλασιάσαντες
905 942 1038 1009 τοὺς
1075 951 1153 1015 A,
1185 950 1239 1000 Γ
1276 947 1666 1018 πεποιήκασιν,
1716 950 1867 1003 ἔστιν

186 1031 296 1104 ἄρα
336 1031 413 1098 ὡς
452 1030 481 1088 6
522 1037 587 1087 Ν
618 1031 757 1103 πρὸς
794 1030 896 1087 τὸν
933 1034 1003 1101 Ξ,
1045 1030 1074 1087 6
1106 1040 1160 1087 A
1190 1032 1329 1105 πρὸς
1359 1033 1459 1089 τὸν
1490 1040 1553 1105 Γ,
1585 1036 1867 1091 τουτέστιν

186 1119 216 1176 6
261 1127 314 1175 Ε
358 1118 498 1192 πρὸς
548 1118 649 1175 τὸν
698 1125 757 1175 Ζ.
834 1117 953 1175 ἀλλ’
1006 1120 1080 1186 ὡς
1126 1120 1154 1176 6
1204 1127 1258 1176 Ε
1299 1120 1436 1194 πρὸς
1481 1122 1583 1179 τὸν
1624 1130 1694 1194 Ζ,
1748 1147 1777 1179 ο
1820 1130 1867 1180 Θ

183 1207 323 1281 πρὸς
359 1207 462 1264 τὸν
499 1213 552 1262 Λ
588 1209 681 1263 καὶ
721 1207 750 1264 6
792 1214 851 1263 Κ
885 1208 1025 1280 πρὸς
1062 1207 1162 1264 τὸν
1200 1215 1286 1264 Μ·
1331 1210 1424 1265 καὶ
1470 1208 1544 1277 ὥς
1590 1210 1700 1284 ἄρα
1748 1210 1778 1268 6
1818 1218 1865 1267 Θ

183 1294 323 1369 πρὸς
359 1295 460 1352 τὸν
500 1302 577 1367 Λ,
619 1294 795 1362 οὕτως
835 1319 864 1352 ο
906 1303 963 1351 Κ
998 1296 1138 1370 πρὸς
1173 1297 1274 1354 τὸν
1314 1303 1387 1353 Μ
1423 1303 1515 1353 καὶ
1555 1321 1584 1354 ο
1629 1305 1694 1354 Ν
1727 1298 1866 1372 πρὸς

183 1382 283 1440 τὸν
322 1386 382 1448 Ξ.
458 1388 556 1439 καί
590 1388 732 1440 εἰσιν
773 1386 832 1440 οἱ
865 1386 967 1456 μὲν
1007 1391 1071 1455 Θ,
1102 1391 1174 1455 Κ,
1205 1392 1270 1441 Ν
1301 1387 1535 1458 πλευραὶ
1571 1390 1674 1443 τοῦ
1704 1394 1775 1458 A,
1813 1390 1873 1443 οἰ

184 1471 246 1528 δὲ
292 1474 362 1542 Ξ,
397 1478 473 1542 Λ,
506 1478 580 1528 Μ
615 1473 848 1545 πλευραὶ
893 1477 995 1529 τοῦ
1034 1480 1098 1530 Β.
1167 1477 1227 1530 οἱ
1268 1483 1344 1546 Α,
1378 1482 1424 1531 Β
1470 1474 1580 1547 ἄρα
1631 1477 1865 1548 ἀριθμοὶ

186 1558 372 1632 ὅμοιοι
413 1566 630 1634 στερεοί
664 1565 828 1617 εἰσιν·
870 1561 1005 1634 ὅπερ
1046 1567 1158 1619 ἔδει
1198 1566 1390 1630 δεῖξαι.

978 1726 1084 1795 κβ’.

291 1823 437 1880 Ἐὰν
482 1837 659 1898 τρεῖς
704 1825 984 1898 ἀριθμοὶ
1023 1827 1168 1898 ἑξῆς
1214 1825 1552 1899 ἀνάλογον
1599 1833 1786 1899 ωσιν,
1839 1853 1869 1886 ο

186 1913 255 1969 δὲ
301 1916 554 1986 πρῶτος
598 1913 1012 1986 τετράγωνος
1058 1908 1118 1987 ᾗ,
1165 1916 1270 1971 καὶ
1319 1939 1348 1972 ο
1388 1921 1608 1989 τρίτος
1645 1919 1869 1988 τετρά-

182 2024 396 2073 γωνος
436 2006 630 2057 ἔσται.

279 2088 568 2146 ’Ἑστωσαν
615 2102 760 2161 τρεῖς
806 2089 1043 2163 ἀριθμοὶ
1090 2093 1213 2165 ἑξῆς
1259 2091 1543 2165 ἀνάλογον
1590 2097 1649 2150 οἱ
1682 2102 1764 2166 A,
1799 2102 1866 2166 Β,

180 2183 244 2249 Γ,
285 2201 314 2234 ο
359 2179 420 2234 δὲ
458 2181 673 2250 πρῶτος
713 2176 742 2234 6
783 2186 837 2234 A
874 2179 1222 2251 τετράγωνος
1259 2185 1419 2237 ἔστω·
1458 2183 1619 2253 λέγω,
1659 2181 1743 2239 ὅτι
1775 2184 1867 2239 καὶ

181 2266 210 2321 6
252 2271 436 2338 τρίτος
475 2263 504 2322 6
546 2271 600 2321 Γ
629 2266 979 2339 τετράγωνός
1017 2271 1182 2324 ἐστιν.

287 2351 434 2409 Ἐπεὶ
488 2353 592 2426 γὰρ
647 2358 760 2411 τῶν
814 2362 892 2426 Α,
926 2360 979 2411 Γ
1025 2351 1102 2422 εἷς
1154 2359 1321 2429 μέσος
1373 2346 1656 2430 ἀνάλογόν
1713 2362 1863 2417 ἐστιν

181 2439 423 2513 ἀριθμὸς
478 2440 507 2498 6
562 2449 635 2512 Β,
684 2446 743 2498 οἰ
790 2450 869 2514 A,
915 2448 969 2499 Γ
1018 2443 1127 2517 ἄρα
1175 2443 1359 2516 ὅμοιοι
1406 2449 1662 2504 ἐπίπεδοί
1706 2454 1865 2505 εἰσιν.

179 2529 524 2603 τετράγωνος
564 2530 625 2585 δὲ
667 2530 695 2586 ὁ
737 2538 813 2585 A·
860 2531 1203 2605 τετράγωνος
1240 2532 1350 2606 ἄρα
1388 2535 1479 2590 καὶ
1529 2559 1546 2591 (
1607 2542 1675 2592 Γ·
1725 2535 1860 2610 ὅπερ

181 2621 294 2674 ἔδει
334 2619 525 2684 δεῖξαι.

298 2771 342 2810 2.
375 2762 428 2823 ὁ]
462 2765 544 2810 καὶ
577 2761 600 2810 ὁ
633 2766 684 2810 P.
784 2764 950 2870 narnia
974 2767 1134 2814 insert.
1164 2771 1331 2825 postea
1363 2769 1418 2816 V.
1526 2777 1568 2817 4.
1600 2768 1713 2831 τόν]
1747 2786 1862 2817 corr.

182 2838 239 2868 ex
270 2825 364 2868 τῶν
396 2825 452 2870 V.
574 2830 614 2870 5.
648 2828 874 2881 πεποίηκε
961 2843 1010 2882 φ.
1075 2827 1177 2884 Seq.
1211 2827 1261 2871 in
1284 2828 1392 2886 Vq).
1426 2827 1510 2874 τὸν
1542 2829 1595 2876 δε
1629 2834 1671 2875 Ε
1695 2835 1863 2876 πολλα-

181 2879 442 2934 πλασιάσας
473 2881 555 2928 τὸν
590 2886 634 2927 Γ
660 2886 914 2940 πεποίηκες
945 2885 1071 2930 idem
1102 2885 1140 2929 B
1163 2900 1224 2930 m.
1259 2891 1298 2932 2.
1419 2894 1456 2933 7.
1492 2888 1579 2934 εἰσι
1609 2889 1711 2946 Vq).
1821 2896 1861 2935 8.
