1988 3152
144 1050 198 1090 10

228 120 337 174 346
852 118 1188 161 ΣΤΟΙΧΕΙΩΝ
1217 113 1290 161 θ’.

227 236 685 301 λαπλασιάσας
745 237 898 306 ποιῇ
961 256 1133 305 τινα,
1205 233 1234 291 6
1296 235 1656 307 γενόμενος
1717 235 1918 305 κύβος

229 332 426 383 ἔσταα

340 415 533 484 Κύβος
585 411 690 485 γὰρ
747 410 990 484 ἀριθμὸς
1047 409 1076 468 6
1116 420 1170 467 A
1214 411 1390 482 κύβον
1438 409 1684 484 ἀριθμὸν
1733 411 1834 467 τὸν
1872 418 1918 467 Β

228 503 717 566 πολλαπλασιάσας
754 499 855 557 τὸν
893 506 946 557 Γ
976 506 1222 557 ποιείτω·
1276 501 1438 571 λέγω,
1478 499 1562 556 ὅτι
1605 499 1633 556 6
1668 505 1720 555 Γ
1751 501 1921 571 κύβος

230 594 393 648 ἐστίν.
1986 584 1988 587 ’

332 678 391 734 Ὁ
436 676 542 750 γὰρ
583 685 636 733 A
675 677 876 734 ἑαυτὸν
916 679 1403 743 πολλαπλασιάσας
1440 677 1544 733 τὸν
1585 684 1639 732 A
1677 682 1920 733 ποιείτω·

230 766 261 824 6
310 775 365 823 A
419 765 529 839 ἄρα
584 767 757 837 κύβος
811 768 976 822 ἐστίν.
1053 766 1145 821 καὶ
1201 766 1316 821 ἐπεὶ
1372 763 1401 821 6
1459 774 1512 821 A
1567 764 1769 821 ἑαυτὸν
1822 765 1923 837 μὲν

228 855 718 920 πολλαπλασιάσας
767 853 868 910 τὸν
910 862 965 909 A
1010 859 1332 926 πεποίηκεν,
1378 853 1479 910 τὸν
1527 854 1590 910 δὲ
1634 861 1674 910 Β
1722 861 1924 910 πολλα-

229 946 538 1010 πλασιάσας
582 947 682 1000 τὸν
720 949 774 999 Γ
806 948 1128 1013 πεποίηκεν,
1177 947 1329 999 ἔστιν
1368 941 1475 1016 ἄρα
1516 941 1588 1009 ὡς
1628 941 1657 998 6
1697 951 1750 998 A
1787 946 1925 1015 πρὸς
1986 999 1988 1001 ,

230 1036 329 1089 τὸν
370 1040 441 1104 B,
490 1031 667 1098 οὕτως
717 1033 747 1088 6
797 1041 852 1088 A
902 1035 1040 1105 πρὸς
1085 1035 1184 1088 τὸν
1224 1037 1284 1088 Γ.
1361 1034 1454 1088 καὶ
1501 1033 1615 1087 ἐπεὶ
1665 1035 1722 1087 οἱ
1758 1039 1836 1101 A,
1877 1038 1922 1086 Β

228 1123 394 1194 κύβοι
431 1126 600 1193 εἰσίν,
640 1121 826 1195 ὅμοιοι
867 1127 1085 1193 στερεοί
1120 1125 1264 1177 εἰσιν
1304 1124 1362 1177 οἱ
1398 1128 1469 1191 A,
1502 1128 1565 1178 Β.
1625 1124 1738 1177 τῶν
1774 1128 1844 1189 A,
1877 1127 1923 1176 Β

230 1210 339 1283 ἄρα
387 1211 491 1267 δύο
541 1213 699 1283 μέσοι
740 1209 1023 1281 ἀνάλογον
1063 1213 1426 1282 ἐμπίπτουσιν
1466 1207 1723 1281 ἀριθμοί·
1788 1208 1926 1265 ὥστε

228 1301 322 1356 καὶ
360 1303 474 1356 τῶν
507 1307 579 1370 A,
613 1304 667 1356 Γ
700 1299 804 1354 δύο
844 1300 1004 1370 μέσοι
1043 1297 1326 1369 ἀνάλογον
1368 1301 1735 1370 ἐμπεσοῦνται
1766 1296 1925 1367 ἀριθ-

230 1394 339 1460 μοί.
414 1393 512 1444 καί
547 1391 662 1444 ἐστι
699 1387 870 1458 κύβος
909 1385 939 1443 6
981 1395 1056 1442 A·
1110 1387 1282 1458 κύβος
1322 1386 1429 1459 ἄρα
1466 1387 1558 1442 καὶ
1598 1384 1628 1442 6
1670 1392 1735 1441 Γ·
1792 1385 1925 1457 ὅπερ

146 1493 203 1533 15
236 1482 350 1533 ἔδει
390 1480 578 1545 δεῖξαι.

146 1937 203 1977 20

1043 1586 1068 1619 ε
1096 1608 1106 1619 .

340 1655 485 1710 Ἐὰν
545 1654 748 1725 κύβος
809 1650 1096 1725 ἀριθμὸς
1150 1649 1440 1723 ἀριθμόν
1494 1673 1640 1707 τινα
1694 1659 1927 1708 πολλα-

232 1742 602 1808 πλασιάσας
646 1743 854 1813 κύβον
916 1745 1100 1814 ποιῇ,
1154 1741 1260 1795 καὶ
1316 1737 1351 1795 ὁ
1400 1746 1926 1796 πολλαπλασιασ-

232 1832 380 1897 θεὶς
418 1830 618 1902 κύβος
657 1835 856 1886 ἔσται.
1983 1822 1988 1823 ’

347 1921 541 1991 Κύβος
601 1922 707 1992 γὰρ
762 1917 1002 1991 ἀριθμος
1058 1916 1087 1972 6
1142 1925 1196 1973 A
1250 1915 1496 1989 ἀριθμόν
1549 1940 1674 1973 τινα
1727 1920 1826 1973 τὸν
1882 1923 1926 1972 Β

232 2008 720 2073 πολλαπλασιάσας
757 2007 934 2078 κύβον
971 2009 1071 2062 τὸν
1111 2011 1164 2062 Γ
1195 2011 1440 2062 ποιείτω·
1494 2007 1654 2077 λέγω,
1695 2004 1779 2061 ὅτι
1819 2004 1848 2060 6
1882 2011 1928 2060 Β

232 2100 405 2169 κύβος
444 2100 609 2154 ἐστίν.

338 2186 396 2242 Ὁ
442 2189 550 2260 γὰρ
598 2194 643 2241 Α
683 2187 884 2241 ἑαυτὸν
923 2183 1411 2249 πολλαπλασιάσας
1447 2185 1546 2239 τὸν
1590 2190 1645 2237 A
1683 2187 1926 2238 ποιείτω·
1986 2251 1988 2253 ¹

235 2277 406 2346 κύβος
446 2273 554 2347 ἄρα
594 2276 746 2329 ἐστίν
778 2271 807 2329 6
834 2279 903 2328 A.
957 2273 1049 2327 καὶ
1082 2273 1197 2328 ἐπεὶ
1230 2270 1260 2327 6
1287 2281 1340 2328 A
1372 2273 1573 2327 ἑαυτὸν
1605 2271 1707 2342 μὲν
1731 2277 1929 2326 πολλα·
1981 2302 1988 2349 5

149 2381 205 2423 25
237 2364 547 2428 πλασιάσας
592 2365 691 2418 τὸν
733 2369 788 2416 A
826 2366 1149 2432 πεποίηκεν,
1200 2363 1299 2415 τὸν
1340 2359 1402 2415 δὲ
1441 2367 1487 2415 Β
1526 2361 1931 2416 πολλαπλασιά-
1982 2358 1988 2415 J

237 2469 337 2516 σας
374 2454 474 2507 τὸν
508 2455 563 2506 Γ
592 2455 910 2521 πεποίηκεν,
950 2454 1100 2505 ἔστιν
1140 2449 1248 2521 ἄρα
1288 2447 1365 2514 ὡς
1404 2449 1434 2504 6
1466 2457 1520 2504 A
1556 2451 1696 2520 πρὸς
1734 2450 1832 2503 τὸν
1864 2454 1929 2518 Β,

238 2538 268 2595 6
317 2547 371 2594 A
424 2542 564 2613 πρὸς
616 2541 718 2594 τὸν
765 2544 824 2594 Γ.
901 2538 995 2592 καὶ
1051 2539 1165 2594 ἐπεὶ
1222 2541 1279 2593 οἱ
1323 2545 1402 2607 A,
1450 2542 1504 2592 Γ
1549 2538 1714 2608 κύβοι
1767 2541 1930 2607 εἰσίν,
1984 2587 1986 2589 ,

238 2627 423 2700 ὅμοιοι
462 2633 680 2699 στερεοί
715 2631 871 2683 εἰσιν.
949 2631 1060 2682 τῶν
1102 2634 1183 2698 A,
1224 2632 1277 2682 Γ
1309 2626 1417 2699 ἄρα
1458 2626 1562 2681 δύο
1602 2628 1760 2697 μέσοι
1798 2624 1930 2680 άνά-
1979 2666 1981 2669 .

361 2781 401 2820 6.
433 2771 524 2831 γὰρ
556 2775 621 2833 Α]
658 2779 695 2819 A
726 2770 815 2831 γάρ
850 2774 999 2830 Bth.
1110 2780 1152 2820 7.
1185 2775 1252 2832 A]
1291 2788 1385 2830 seq.
1417 2787 1508 2818 raS.
1546 2779 1569 2817 1
1603 2773 1694 2819 litt.
1722 2791 1771 2828 φ.
1838 2769 1937 2817 ἐστί

237 2835 342 2891 Vq).
464 2839 506 2878 8.
545 2835 774 2889 πεποίηκε
814 2833 916 2889 ch.
1042 2838 1108 2877 10.
1149 2830 1252 2891 τόν]
1299 2832 1372 2877 bis
1411 2847 1500 2877 om.
1542 2833 1593 2876 B.
1719 2838 1787 2877 11.
1835 2830 1926 2876 εἰσι

238 2893 342 2951 ch.
467 2890 515 2937 οἷ
549 2896 610 2950 Α,
651 2893 714 2951 Β]
764 2906 854 2937 om.
896 2892 1043 2949 Bqu.
1176 2898 1246 2937 13.
1286 2892 1407 2950 τῶν]
1459 2906 1483 2936 e
1524 2905 1638 2936 corr.
1678 2890 1733 2936 V.
1860 2895 1927 2934 14.
