1988 3152
227 57 339 122 402
859 59 1196 102 ΣΤΟΙΧΕΙῼΝ
1226 56 1298 103 θ’.

229 180 514 248 δηποτοῦν
555 176 791 248 ἀριθμοὶ
833 179 891 231 οἱ
926 183 1000 247 Β,
1033 182 1097 247 Γ,
1129 184 1206 231 Δ·
1245 179 1407 248 λέγω,
1450 177 1536 234 ὅτι
1576 182 1634 234 οἱ
1669 187 1736 250 Β,
1768 186 1832 250 Γ,
1867 188 1922 235 Δ
1972 184 1988 247 2}

228 265 479 338 ἀρτιάκις
518 266 708 337 ἄρτιοί
742 269 848 321 εἰσι
888 265 1083 336 μόνον.
1975 286 1983 337 ,ᾗ

326 356 441 410 Ὅτι
481 355 582 425 μὲν
623 349 729 411 οὖν
771 357 997 420 ἕκαστος
1040 358 1173 424 [τῶν
1212 362 1285 426 Β,
1316 361 1388 426 Γ,
1423 362 1500 426 Δ]
1542 355 1791 429 ἀρτιάκις
1830 356 1923 428 ἀρ·
1969 339 1988 362 ι’

225 444 343 508 τιός
376 449 543 514 ἐστιν,
584 443 857 515 φανερόν·
898 442 1005 498 ἀπὸ
1040 442 1147 514 γὰρ
1188 445 1398 509 δυάδος
1438 446 1552 500 ἐστὶ
1593 449 1921 501 διπλασιασ-

169 540 194 581 5
227 537 364 596 θείς.
448 533 616 602 λέγω,
680 530 763 586 ότι
827 532 918 585 καὶ
985 532 1180 602 μόνον.
1259 533 1528 587 ἐκκείσθω
1576 532 1682 604 γὰρ
1732 535 1922 605 μονάς.

228 621 344 676 ἐπεὶ
392 614 498 676 οὖν
545 618 651 675 ἀπὸ
705 620 950 691 μονάδος
1002 618 1310 675 ὁποσοιοῦν
1349 620 1584 692 ἀριθμοὶ
1626 622 1751 692 ἑξῆς
1789 621 1923 677 ἀνά-

226 709 400 781 λογόν
456 714 626 780 εἰσιν,
684 709 711 764 6
768 709 830 764 δε
883 708 1017 780 μετὰ
1071 708 1175 778 τὴν
1230 710 1450 780 μονάδα
1506 707 1534 765 6
1593 718 1645 765 A
1705 706 1924 781 πρῶτός

228 802 404 870 ἐστιν,
445 797 474 855 6
516 801 769 870 μέγιστος
807 801 919 852 τῶν
959 805 1035 867 A,
1070 804 1143 868 Β,
1175 804 1247 868 Γ,
1281 805 1335 852 Δ
1376 796 1404 854 6
1446 804 1502 852 A
1539 797 1634 853 ὑπ’
1688 798 1924 863 οὐδενὸς

227 887 403 944 ἄλλου
456 889 865 960 μετρηθήσεται
911 886 1082 957 παρὲξ,
1126 891 1240 942 τῶν
1279 895 1357 957 Α,
1389 894 1462 958 Β,
1495 893 1554 943 Γ.
1631 893 1729 943 καί
1771 890 1921 944 ἐστιν

139 993 195 1032 10
231 979 456 1043 ἕκαστος
494 981 607 1033 τῶν
648 983 724 1046 Α,
758 982 831 1045 Β,
864 980 918 1030 Γ
949 974 1158 1047 ἄρτιος·
1207 973 1235 1031 6
1277 982 1332 1030 A
1379 975 1487 1048 ἄρα
1534 978 1780 1048 ἀρτιάκις
1827 975 1921 1047 ἀρ-

225 1066 344 1131 τιός
382 1068 497 1122 ἐστι
536 1065 732 1138 μόνον.
809 1063 1016 1136 ὁμοίως
1055 1064 1123 1135 δὴ
1168 1067 1445 1135 δείξομεν,
1495 1063 1579 1120 ὅτι
1623 1066 1758 1134 [καὶ]
1802 1065 1923 1120 ἑκά-

225 1177 384 1226 τερος
436 1157 552 1210 τῶν
599 1161 672 1225 Β,
714 1158 768 1209 Γ
815 1152 1067 1225 ἀρτιάκις
1117 1152 1307 1225 ἀρτιός
1360 1155 1472 1208 ε’στι
1526 1154 1725 1224 μόνον·
1791 1152 1923 1223 ὅπερ

228 1248 339 1301 ἔδει
380 1245 571 1310 δεῖξαι.

139 1406 193 1446 15
334 1388 482 1447 Ἐὰν
524 1388 809 1461 ἀριθμὸς
840 1389 956 1445 τὸν
997 1317 1314 1498 ἤίζισυν”
1283 1394 1392 1462 ε’χῃ
1425 1390 1770 1462 περισσόν,
1813 1387 1924 1461 ἀρ-

226 1480 440 1546 τιάκις
478 1480 795 1551 περισσός
835 1453 971 1534 ἔστι
1011 1478 1237 1550 μόνον.

334 1566 600 1641 Ἀριθμός
654 1567 760 1640 γὰρ
810 1566 838 1623 6
893 1575 946 1623 A
993 1566 1093 1623 τὸν
1150 1565 1359 1638 ἥμισυν
1416 1569 1580 1639 ἐχέτω
1637 1567 1925 1638 περισσόν·

226 1659 397 1728 λέγω,
439 1658 523 1713 ὅτι
563 1655 592 1712 6
636 1664 688 1712 A
729 1655 977 1727 ἀρτιάκις
1007 1655 1270 1727 περισσός
1311 1658 1424 1711 ἐστι
1463 1657 1656 1727 μόνον.

325 1747 444 1802 ’Ὅτι
500 1746 602 1817 μὲν
655 1739 761 1801 οὖν
813 1744 1065 1814 ἀρτιάκις
1110 1744 1371 1817 περισσός
1418 1747 1592 1814 ἐστιν,
1648 1745 1924 1817 φανερόν·

138 1849 195 1889 20
228 1833 258 1891 6
308 1834 417 1907 γὰρ
465 1833 667 1906 ἥμισυς
714 1832 889 1889 αὐτοῦ
936 1831 1199 1905 περισσὸς
1245 1829 1326 1888 ω”ν
1379 1845 1568 1905 μετρεῖ
1611 1832 1782 1889 αὐτὸν
1829 1833 1924 1906 ἀρ-

231 1925 422 1990 τιάκις.
501 1924 642 1994 λέγω
693 1921 789 1994 δή,
838 1921 923 1977 ὅτι
961 1922 1051 1976 καὶ
1104 1921 1298 1993 μόνον.
1376 1925 1427 1977 εἰ
1463 1921 1570 1994 γὰρ
1612 1927 1762 1978 ἔσται
1804 1920 1833 1978 6
1874 1930 1927 1978 A

231 2014 324 2069 καὶ
372 2011 622 2085 ἀρτιάκις
670 2009 882 2083 ἄρτιος,
938 2010 1343 2082 μετρηθήσεται
1390 2008 1500 2065 ὑπὸ
1549 2008 1745 2082 ἀρτίου
1789 2009 1926 2065 κατὰ

227 2101 423 2174 ἄρτιον
448 2099 720 2172 ἀριθμόν·
758 2098 897 2155 ὥστε
920 2099 1013 2154 καὶ
1039 2098 1068 2155 6
1095 2099 1296 2171 ἥμισυς
1321 2097 1495 2155 αὐτοῦ
1519 2098 1926 2170 μετρηθήσεται

229 2189 338 2247 ὑπὸ
380 2188 576 2262 ἀρτίου
609 2187 861 2261 ἀριθμοῦ
901 2187 1161 2258 περισσὸς
1193 2187 1293 2244 ὤν·
1337 2188 1471 2258 ὅπερ
1506 2188 1657 2244 ἐστὶν
1699 2186 1924 2244 ἄτοπον.

139 2292 196 2332 25
232 2277 260 2335 6
287 2287 340 2335 A
363 2278 472 2351 ἄρα
497 2277 748 2350 ἀρτιάκις
771 2277 1034 2349 περισσός
1059 2279 1174 2332 ἐστι
1199 2276 1401 2348 μόνον·
1435 2275 1568 2349 ὅπερ
1596 2280 1709 2332 ἔδει
1736 2278 1924 2343 δεῖξαι.

348 2403 386 2441 1.
421 2399 486 2455 Β]
522 2397 628 2451 (bis)
661 2400 719 2452 A,
754 2401 789 2440 Β
821 2398 871 2441 F.
1011 2402 1051 2440 3.
1086 2389 1201 2454 οὖν]
1236 2409 1325 2440 om.
1358 2394 1409 2439 P.
1546 2395 1640 2438 τῶν
1673 2398 1731 2448 Β,
1767 2397 1820 2451 Γ,
1853 2395 1922 2453 Δ]

227 2472 316 2502 om.
348 2456 398 2500 P.
522 2461 579 2511 A,
613 2460 649 2500 B
680 2432 731 2500 F.
854 2453 1038 2510 ἄρτιον,
1081 2471 1155 2498 -ον
1187 2468 1303 2498 eras.
1336 2454 1391 2499 V.
1513 2458 1554 2498 4.
1584 2452 1735 2525 ἐστιν]
1772 2467 1923 2527 comp.

226 2517 324 2590 Fq·
359 2514 457 2560 ἐστι
486 2515 587 2559 PV.
703 2512 798 2559 ἀπὸ
833 2513 952 2573 γάρ]
987 2511 1104 2558 αὐτό
1137 2518 1179 2569 (e
1214 2517 1346 2569 corr.)
1378 2509 1467 2584 γὰρ
1501 2509 1595 2556 ἀπό
1628 2513 1678 2556 F.
1795 2510 1920 2582 ἐστί]

229 2572 354 2620 ἐστίν
396 2574 590 2625 εκαστος
628 2576 678 2621 F.
825 2580 864 2619 5.
898 2575 1015 2630 λέγω
1057 2570 1115 2629 δή
1147 2573 1291 2629 BVq.
1354 2569 1501 2628 μονὰς
1538 2569 1567 2627 ἡ
1611 2574 1650 2615 Ε
1683 2572 1786 2628 Vq3
1789 2569 1848 2642 ἡ
1882 2574 1923 2616 Ε

226 2636 392 2692 postea
421 2634 581 2678 insert.
614 2635 667 2677 B.
791 2639 859 2680 11.
894 2634 1002 2705 καί]
1045 2647 1134 2677 om.
1167 2633 1216 2676 P.
1282 2630 1475 2681 ἕκαστος
1506 2630 1556 2676 P.
1681 2635 1749 2675 15.
1779 2626 1924 2705 ἥμισυ

226 2695 278 2739 F.
396 2699 465 2738 16.
501 2690 626 2738 ἐστιν
658 2694 708 2737 P.
815 2699 884 2738 17.
917 2689 1060 2750 ἥμισυ
1092 2693 1142 2736 F.
1253 2696 1321 2735 18.
1356 2687 1482 2734 ἐστιν
1511 2690 1562 2733 P.
1665 2695 1734 2734 19.
1770 2687 1921 2748 ἐστιν]

226 2753 283 2808 Ρ,
317 2768 467 2809 comp.
501 2754 557 2807 F;
592 2748 688 2796 ἐστι
719 2753 814 2808 Vq.
968 2757 1038 2796 20.
1070 2747 1214 2808 ἥμισυ
1246 2751 1296 2795 F.
1451 2745 1595 2799 αὐτός
1625 2767 1670 2820 φ
1712 2751 1821 2821 (non
1853 2750 1922 2803 F).

227 2817 299 2857 22.
331 2814 438 2868 καί]
473 2826 560 2857 om.
593 2812 642 2856 F.
750 2811 864 2856 Posss
894 2808 1086 2914 ἄρτιος3
1087 2811 1192 2856 add.
1225 2809 1288 2853 V:
1321 2805 1346 2852 6
1378 2803 1545 2866 ἥμισυς
1577 2805 1725 2853 αυτοῦ
1763 2804 1923 2864 ἀρτιός

230 2868 327 2916 ἔστι
359 2873 463 2926 καίς
497 2872 623 2916 idem
657 2872 691 2914 B
722 2865 1277 2927 Π1.1·Θο..ἤμισυ
1307 2868 1357 2913 F.
