1988 3152
98 1074 153 1114 10

182 149 293 204 260
810 149 1148 193 ΣΤοΙΧΕῙῼΝ
1179 151 1236 203 ζ.

183 268 292 340 ἄρα
340 268 491 324 ἐστὶν
537 266 568 323 5
618 269 677 324 ἐκ
722 271 838 323 τῶν
877 274 955 337 A,
994 272 1060 321 Η
1097 270 1173 343 τῷ
1222 268 1281 322 ἐκ
1325 270 1440 323 τῶν
1479 274 1553 339 Β,
1593 274 1660 323 Θ·
1725 271 1876 323 ἔστιν

182 355 294 428 ἄρα
348 354 423 420 ὡς
468 353 498 411 5
538 363 592 411 A
637 353 776 427 πρὸς
820 353 921 410 τὸν
960 361 1034 425 Β,
1091 353 1269 420 οὕτως
1315 353 1347 410 5
1387 362 1434 411 Θ
1478 355 1619 430 πρὸς
1664 355 1764 412 τὸν
1811 361 1879 414 Η.

184 442 258 510 ὡς
297 443 360 499 δὲ
398 441 429 498 5
468 451 522 499 A
560 442 698 515 πρὸς
736 442 837 499 τὸν
875 449 942 514 Β,
984 440 1161 508 οὕτως
1202 440 1232 498 5
1267 449 1312 498 Ζ
1350 442 1487 514 πρὸς
1525 442 1625 499 τὸν
1658 450 1728 499 Ε·
1784 444 1879 499 καὶ

184 530 259 597 ὥς
297 530 406 604 ἄρα
446 528 476 586 5
518 537 563 586 Ζ
602 529 742 602 πρὸς
778 529 878 586 τὸν
917 536 984 600 Ε,
1025 530 1202 595 οὕτως
1242 527 1272 585 5
1304 536 1352 585 Θ
1390 529 1529 601 πρὸς
1566 529 1666 586 τὸν
1699 536 1771 585 Η.
1824 533 1884 586 οἱ

185 619 249 675 δὲ
280 625 344 690 Ζ,
377 626 430 674 Ε
464 619 760 690 ἐλάχιστοι,
802 620 860 673 οἱ
896 617 958 673 δὲ
999 619 1278 690 ἐλάχιστοι
1316 620 1579 689 μετροῦσι
1617 616 1750 682 τοὺς
1780 616 1880 674 τὸν

184 706 356 764 αὐτὸν
403 708 576 778 λόγον
616 711 844 780 ἔχοντας
892 707 1073 772 ἰσάκις
1111 707 1143 762 ὅ
1184 727 1242 761 τε
1282 711 1480 777 μείζων
1518 704 1618 761 τὸν
1653 711 1880 777 μείζονα

182 796 276 851 καὶ
316 795 345 852 5
386 797 638 852 ἐλάσσων
677 795 779 852 τὸν
819 796 1116 851 ἐλάσσονα·
1181 792 1211 850 ὁ
1247 801 1298 850 Ε
1325 793 1436 866 ἄρα
1466 792 1568 850 τὸν
1593 799 1659 849 Η
1682 805 1882 866 μετρεῖ.

182 885 276 940 καὶ
322 885 438 940 ἐπεὶ
482 881 512 940 5
553 892 607 940 A
643 883 775 949 τοὺς
815 890 889 954 Ε,
932 889 988 938 Η
1023 882 1513 948 πολλαπλασιάσας
1550 880 1682 948 τούς
1722 888 1785 954 Γ,
1828 891 1884 939 A

183 977 507 1044 πεποίηκεν,
556 977 707 1028 ἔστιν
754 971 864 1044 ἄρα
912 969 986 1037 ὥς
1026 968 1055 1027 5
1098 977 1150 1026 Ε
1184 969 1325 1044 πρὸς
1362 970 1464 1026 τὸν
1502 976 1583 1040 Η,
1634 971 1812 1038 οὕτως
1852 970 1881 1028 5

184 1065 238 1116 Γ
269 1059 407 1134 πρὸς
444 1060 544 1117 τὸν
585 1067 653 1116 A.
731 1059 762 1116 5
803 1060 866 1115 δὲ
904 1066 957 1115 Ε
991 1058 1091 1115 τὸν
1130 1065 1197 1114 Η
1226 1070 1430 1132 μετρεῖ·
1482 1059 1575 1114 καὶ
1616 1057 1645 1115 5
1686 1066 1739 1116 Γ
1770 1059 1880 1133 ἄρα

182 1148 282 1205 τὸν
331 1156 386 1204 A
439 1161 627 1222 μετρεῖ
685 1147 715 1205 5
771 1153 971 1220 μείζων
1025 1147 1125 1203 τὸν
1173 1148 1472 1204 ἐλάσσονα·
1535 1148 1670 1221 ὅπερ
1726 1149 1877 1204 ἐστὶν

185 1234 487 1293 ἀδύνατον.
550 1234 653 1293 οὐκ
692 1235 800 1309 ἄρα
840 1239 898 1292 οἰ
920 1243 989 1306 Α,
1014 1242 1062 1291 Β
1103 1237 1444 1308 μετρήσουσί
1478 1257 1603 1291 τινα
1635 1234 1883 1308 ἀριθμὸν

186 1327 464 1383 ἐλάσσονα
519 1324 655 1381 ὄντα
708 1328 809 1381 τοῦ
856 1330 915 1380 Γ.
988 1322 1018 1379 5
1058 1329 1112 1379 Γ
1149 1322 1259 1397 ἄρα
1307 1325 1593 1396 ἐλάχιστος
1640 1322 1721 1381 ὢν
1767 1323 1879 1381 ὑπὸ

125 1469 133 1475 ,
185 1417 299 1470 τῶν
338 1422 410 1484 A,
450 1420 496 1468 Β
538 1425 835 1487 μετρεῖται·
892 1413 1025 1485 ὅπερ
1067 1417 1183 1468 ἔπει
1224 1414 1413 1480 δεῖξαι.

100 1595 155 1637 15

103 2047 161 2086 20

105 2494 160 2535 25

983 1575 1082 1630 λε’.

296 1677 443 1734 Ἐὰν
498 1679 619 1735 δύο
669 1677 947 1750 ἀριθμοὶ
1001 1675 1295 1750 ἀριθμόν
1341 1698 1488 1733 τινα
1536 1681 1887 1750 μετρῶσιν,

188 1767 295 1823 καὶ
351 1764 381 1822 5
439 1766 782 1839 ἐλάχιστος
833 1764 936 1822 ὑπ’
997 1763 1214 1822 αὐτῶν
1269 1767 1719 1839 μετρούμενος
1771 1765 1886 1822 τὸν

191 1853 392 1911 αὐτὸν
432 1857 754 1928 μετρήσει.

303 1945 429 1999 Δύο
469 1943 575 2016 γὰρ
616 1941 852 2015 ἀριθμοὶ
893 1945 952 1999 οἱ
987 1950 1064 2013 A,
1106 1949 1152 1998 Β
1192 1940 1443 2014 ἀριθμόν
1481 1963 1608 1998 τινα
1645 1941 1744 1997 τὸν
1784 1947 1888 1997 ΓΔ

193 2036 585 2105 μετρείτωσαν,
628 2033 919 2104 ἐλάχιστον
961 2031 1023 2087 δὲ
1061 2029 1160 2086 τὸν
1193 2037 1263 2086 Ε·
1325 2031 1486 2101 λέγω,
1528 2030 1611 2086 ὅτι
1650 2030 1742 2085 καὶ
1783 2028 1814 2085 5
1838 2037 1891 2086 E

190 2119 288 2177 τὸν
328 2125 432 2177 ΓΛ
471 2132 667 2194 μετρεῖ.

304 2213 378 2265 Εἰ
414 2207 520 2280 γὰρ
563 2206 633 2265 οὐ
671 2220 859 2281 μετρεῖ
895 2206 924 2263 5
965 2215 1018 2263 E
1051 2206 1151 2264 τὸν
1191 2212 1314 2278 ΓΔ,
1355 2205 1385 2262 5
1424 2213 1477 2262 E
1513 2204 1611 2262 τὸν
1653 2213 1763 2261 AZ
1802 2229 1888 2278 με-

191 2302 342 2371 τρῶν
381 2299 609 2353 λειπέτω
659 2298 860 2353 ἑαυτοῦ
908 2298 1185 2353 ἐλάσσονα
1223 2294 1322 2351 τὸν
1361 2301 1475 2352 ΓΖ.
1545 2296 1638 2350 καὶ
1678 2295 1793 2351 ἐπεὶ
1835 2298 1894 2351 οἱ

193 2394 271 2457 A,
312 2393 359 2441 Β
398 2385 497 2442 τὸν
537 2393 589 2441 Ε
625 2389 951 2457 μετροῦσιν,
991 2383 1021 2441 5
1064 2384 1126 2441 δὲ
1166 2391 1216 2439 Ε
1251 2382 1350 2439 τὸν
1390 2390 1509 2439 AZ·
1539 2395 1748 2456 μετρεῖ,
1797 2384 1890 2457 καὶ

195 2478 253 2530 οἱ
287 2482 366 2545 Α,
407 2481 453 2529 Β
494 2473 601 2546 ἄρα
639 2473 740 2530 τὸν
781 2482 836 2529 A
847 2480 891 2529 Z
930 2475 1316 2547 μετρήσουσιν.
1394 2475 1658 2544 μετροῦσι
1698 2471 1759 2527 δὲ
1797 2472 1891 2527 καὶ

313 2627 353 2666 2.
386 2617 478 2692 ὥς]
512 2621 669 2666 insert.
703 2637 764 2666 m.
801 2627 823 2665 1
858 2637 902 2678 p.
1039 2621 1111 2678 H]
1147 2620 1196 2664 in
1227 2633 1317 2666 ras,
1352 2635 1401 2691 φ.
1540 2624 1580 2663 3.
1616 2614 1764 2670 οὕτως
1795 2616 1820 2663 5
1857 2623 1891 2663 Ζ

195 2678 344 2753 πρὸς
350 2679 432 2724 τὸν
474 2681 543 2751 Ε]
584 2696 684 2750 mg.
719 2698 769 2736 φ.
831 2680 946 2724 Post
977 2682 1017 2723 E
1050 2679 1156 2724 add.
1189 2678 1245 2723 Ρ.
1287 2674 1389 2723 ἀλλ’
1436 2673 1498 2728 ὥς
1530 2674 1555 2722 5
1589 2683 1625 2722 A
1660 2675 1776 2732 πρὸς
1806 2675 1889 2723 τὸν

196 2744 254 2812 Β,
288 2735 435 2790 οὕτως
466 2736 491 2784 5
528 2741 568 2784 Θ
601 2737 719 2796 πρὸς
750 2736 834 2783 τὸν
866 2742 934 2793 Ης
969 2739 1059 2783 del.
1092 2754 1152 2783 m.
1187 2751 1277 2782 rec.
1400 2738 1482 2782 καὶ
1514 2754 1575 2788 ως
1607 2733 1721 2795 ἄρα]
1765 2735 1890 2781 ἔστιν

196 2795 457 2856 ἄραὼςρ.
588 2804 629 2842 4.
666 2798 890 2856 Ζ]ΘΡ,
931 2811 1261 2842 eorrmmrec
1398 2796 1635 2854 E]HP‚
1681 2810 1888 2840 corrmm

194 2872 285 2902 rec.
406 2858 480 2928 Θ]
515 2861 548 2901 Ζ
579 2857 637 2915 Ρ,
670 2871 785 2902 corr.
818 2872 878 2902 m.
911 2871 1002 2902 rec.
1128 2858 1202 2915 H]
1236 2858 1277 2899 E
1308 2856 1360 2908 P,
1393 2870 1505 2900 corr.
1540 2870 1599 2899 m.
1634 2869 1722 2900 reo.
1846 2860 1888 2899 8.

196 2914 333 2976 τούς]
365 2914 447 2961 τόν
478 2932 524 2974 p.
649 2918 712 2973 E,
746 2917 821 2974 H]
855 2919 915 2973 H,
949 2918 990 2960 E
1023 2917 1073 2962 B.
1199 2920 1267 2960 12.
1301 2911 1610 2973 μετρήσουσιν
1642 2915 1692 2957 Β.
1819 2919 1886 2958 13.
