<?xml version="1.0" encoding="UTF-8"?>
<!DOCTYPE html PUBLIC "-//W3C//DTD XHTML 1.0 Transitional//EN"
    "http://www.w3.org/TR/xhtml1/DTD/xhtml1-transitional.dtd">
<html xmlns="http://www.w3.org/1999/xhtml" xml:lang="en" lang="en">
 <head>
  <title>
</title>
<meta http-equiv="Content-Type" content="text/html;charset=utf-8" />
  <meta name='ocr-system' content='tesseract 3.04.00' />
  <meta name='ocr-capabilities' content='ocr_page ocr_carea ocr_par ocr_line ocrx_word'/>
</head>
<body>
  <div class='ocr_page' id='page_1' title='image "./euclidisoperaomn02eucluoft_0364.png"; bbox 0 0 1988 3152; ppageno 0'>
   <div class='ocr_carea' id='block_1_1' title="bbox 217 113 1262 172">
    <p class='ocr_par' dir='ltr' id='par_1_1' title="bbox 217 113 1262 172">
     <span class='ocr_line' id='line_1_1' title="bbox 217 113 1262 172; baseline -0.009 -3"><span class='ocrx_word' id='word_1_1' title='bbox 217 114 325 169; x_wconf 87' lang='lat'><strong><em>338</em></strong></span> <span class='ocrx_word' id='word_1_2' title='bbox 831 117 1167 160; x_wconf 70' lang='grc' dir='ltr'><strong><em>ΣΤοῙΧΕῙΩΝ</em></strong></span> <span class='ocrx_word' id='word_1_3' title='bbox 1198 113 1262 172; x_wconf 84' lang='grc' dir='ltr'><strong>η’.</strong></span> 
     </span>
    </p>
   </div>
   <div class='ocr_carea' id='block_1_2' title="bbox 155 232 1903 1015">
    <p class='ocr_par' dir='ltr' id='par_1_2' title="bbox 155 232 1903 1015">
     <span class='ocr_line' id='line_1_2' title="bbox 322 232 1902 307; baseline 0.001 -18"><span class='ocrx_word' id='word_1_4' title='bbox 322 232 469 290; x_wconf 83' lang='grc' dir='ltr'><strong><em>Ἐπεὶ</em></strong></span> <span class='ocrx_word' id='word_1_5' title='bbox 508 232 614 306; x_wconf 74' lang='grc' dir='ltr'><strong><em>γὰρ</em></strong></span> <span class='ocrx_word' id='word_1_6' title='bbox 657 235 714 288; x_wconf 78' lang='grc' dir='ltr'><strong><em>οἱ</em></strong></span> <span class='ocrx_word' id='word_1_7' title='bbox 750 241 826 303; x_wconf 99' lang='lat' dir='ltr'><em>A,</em></span> <span class='ocrx_word' id='word_1_8' title='bbox 858 240 906 288; x_wconf 90' lang='grc' dir='ltr'><strong><em>Β</em></strong></span> <span class='ocrx_word' id='word_1_9' title='bbox 947 232 1131 305; x_wconf 82' lang='grc' dir='ltr'><strong><em>ὅμοιοι</em></strong></span> <span class='ocrx_word' id='word_1_10' title='bbox 1173 236 1427 290; x_wconf 83' lang='grc' dir='ltr'><strong><em>ἐπίπεδοί</em></strong></span> <span class='ocrx_word' id='word_1_11' title='bbox 1462 239 1632 305; x_wconf 84' lang='grc' dir='ltr'><strong><em>εἰσιν,</em></strong></span> <span class='ocrx_word' id='word_1_12' title='bbox 1679 239 1791 291; x_wconf 74' lang='grc' dir='ltr'><strong><em>τῶν</em></strong></span> <span class='ocrx_word' id='word_1_13' title='bbox 1832 244 1902 307; x_wconf 92' lang='grc' dir='ltr'>Α,</span> 
     </span>
     <span class='ocr_line' id='line_1_3' title="bbox 213 316 1902 396; baseline 0.001 -18"><span class='ocrx_word' id='word_1_14' title='bbox 213 329 261 378; x_wconf 90' lang='grc' dir='ltr'><strong><em>Β</em></strong></span> <span class='ocrx_word' id='word_1_15' title='bbox 317 321 424 395; x_wconf 74' lang='grc' dir='ltr'><strong><em>ἄρα</em></strong></span> <span class='ocrx_word' id='word_1_16' title='bbox 480 316 559 386; x_wconf 84' lang='grc' dir='ltr'><strong><em>εἷς</em></strong></span> <span class='ocrx_word' id='word_1_17' title='bbox 611 323 777 393; x_wconf 80' lang='grc' dir='ltr'><strong><em>μέσος</em></strong></span> <span class='ocrx_word' id='word_1_18' title='bbox 824 320 1107 393; x_wconf 79' lang='grc' dir='ltr'><strong><em>ἀνάλογον</em></strong></span> <span class='ocrx_word' id='word_1_19' title='bbox 1165 323 1414 394; x_wconf 80' lang='grc' dir='ltr'><strong><em>ἐμπίπτει</em></strong></span> <span class='ocrx_word' id='word_1_20' title='bbox 1469 321 1727 396; x_wconf 81' lang='grc' dir='ltr'><strong><em>ἀριθμός.</em></strong></span> <span class='ocrx_word' id='word_1_21' title='bbox 1813 326 1902 395; x_wconf 80' lang='grc' dir='ltr'><strong><em>ἐμ-</em></strong></span> 
     </span>
     <span class='ocr_line' id='line_1_4' title="bbox 213 408 1903 484; baseline 0.001 -18"><span class='ocrx_word' id='word_1_22' title='bbox 213 412 447 466; x_wconf 80' lang='grc' dir='ltr'><strong><em>πιπτέτω</em></strong></span> <span class='ocrx_word' id='word_1_23' title='bbox 510 411 603 466; x_wconf 83' lang='grc' dir='ltr'><strong><em>καὶ</em></strong></span> <span class='ocrx_word' id='word_1_24' title='bbox 659 414 797 466; x_wconf 81' lang='grc' dir='ltr'><strong><em>ἔστω</em></strong></span> <span class='ocrx_word' id='word_1_25' title='bbox 853 408 883 466; x_wconf 85' lang='grc' dir='ltr'>ὁ</span> <span class='ocrx_word' id='word_1_26' title='bbox 930 415 1000 481; x_wconf 87' lang='grc' dir='ltr'><strong><em>Γ,</em></strong></span> <span class='ocrx_word' id='word_1_27' title='bbox 1054 411 1147 465; x_wconf 83' lang='grc' dir='ltr'><strong><em>καὶ</em></strong></span> <span class='ocrx_word' id='word_1_28' title='bbox 1211 411 1575 482; x_wconf 80' lang='grc' dir='ltr'><em>εἰλήφθωσαν</em></span> <span class='ocrx_word' id='word_1_29' title='bbox 1628 411 1903 484; x_wconf 84' lang='grc' dir='ltr'><strong><em>ἐλάχιστοι</em></strong></span> 
     </span>
     <span class='ocr_line' id='line_1_5' title="bbox 213 497 1899 572; baseline 0.001 -18"><span class='ocrx_word' id='word_1_30' title='bbox 213 497 448 572; x_wconf 76' lang='grc' dir='ltr'><strong><em>ἀριθμοὶ</em></strong></span> <span class='ocrx_word' id='word_1_31' title='bbox 485 501 599 554; x_wconf 78' lang='grc' dir='ltr'><strong><em>τῶν</em></strong></span> <span class='ocrx_word' id='word_1_32' title='bbox 637 497 736 555; x_wconf 87' lang='grc' dir='ltr'><strong><em>τὸν</em></strong></span> <span class='ocrx_word' id='word_1_33' title='bbox 777 497 950 556; x_wconf 84' lang='grc' dir='ltr'><strong><em>αὐτὸν</em></strong></span> <span class='ocrx_word' id='word_1_34' title='bbox 991 499 1163 570; x_wconf 78' lang='grc' dir='ltr'><strong><em>λόγον</em></strong></span> <span class='ocrx_word' id='word_1_35' title='bbox 1206 498 1449 571; x_wconf 84' lang='grc' dir='ltr'><strong><em>ἐχόντων</em></strong></span> <span class='ocrx_word' id='word_1_36' title='bbox 1482 512 1599 565; x_wconf 84' lang='grc' dir='ltr'><strong><em>τοῖς</em></strong></span> <span class='ocrx_word' id='word_1_37' title='bbox 1638 509 1717 571; x_wconf 92' lang='grc' dir='ltr'>Α,</span> <span class='ocrx_word' id='word_1_38' title='bbox 1749 506 1819 572; x_wconf 92' lang='grc' dir='ltr'>Γ,</span> <span class='ocrx_word' id='word_1_39' title='bbox 1852 507 1899 555; x_wconf 90' lang='grc' dir='ltr'><em>Β</em></span> 
     </span>
     <span class='ocr_line' id='line_1_6' title="bbox 155 585 1902 659; baseline 0.001 -16"><span class='ocrx_word' id='word_1_40' title='bbox 155 604 182 643; x_wconf 81' lang='lat'>5</span> <span class='ocrx_word' id='word_1_41' title='bbox 214 590 274 643; x_wconf 84' lang='grc' dir='ltr'><strong><em>οί</em></strong></span> <span class='ocrx_word' id='word_1_42' title='bbox 308 594 387 658; x_wconf 88' lang='lat' dir='ltr'><strong><em>A,</em></strong></span> <span class='ocrx_word' id='word_1_43' title='bbox 422 593 495 657; x_wconf 87' lang='lat' dir='ltr'><strong><em>E,</em></strong></span> <span class='ocrx_word' id='word_1_44' title='bbox 536 593 601 641; x_wconf 91' lang='lat' dir='ltr'><strong><em>Z·</em></strong></span> <span class='ocrx_word' id='word_1_45' title='bbox 654 589 714 642; x_wconf 72' lang='grc' dir='ltr'><strong><em>οἱ</em></strong></span> <span class='ocrx_word' id='word_1_46' title='bbox 747 585 855 659; x_wconf 74' lang='grc' dir='ltr'><strong><em>ἄρα</em></strong></span> <span class='ocrx_word' id='word_1_47' title='bbox 895 585 1056 659; x_wconf 76' lang='grc' dir='ltr'><strong><em>ἄκροι</em></strong></span> <span class='ocrx_word' id='word_1_48' title='bbox 1097 586 1283 643; x_wconf 80' lang='grc' dir='ltr'><strong><em>αὐτῶν</em></strong></span> <span class='ocrx_word' id='word_1_49' title='bbox 1326 590 1384 643; x_wconf 76' lang='lat' dir='ltr'><strong><em>oc</em></strong></span> <span class='ocrx_word' id='word_1_50' title='bbox 1432 594 1511 658; x_wconf 94' lang='lat' dir='ltr'><em>A,</em></span> <span class='ocrx_word' id='word_1_51' title='bbox 1546 594 1591 642; x_wconf 93' lang='grc' dir='ltr'>Ζ</span> <span class='ocrx_word' id='word_1_52' title='bbox 1636 590 1902 659; x_wconf 80' lang='grc' dir='ltr'><strong><em>τετράγω·</em></strong></span> 
     </span>
     <span class='ocr_line' id='line_1_7' title="bbox 211 673 1903 748; baseline 0.001 -17"><span class='ocrx_word' id='word_1_53' title='bbox 211 680 309 731; x_wconf 90' lang='grc' dir='ltr'><strong><em>νοί</em></strong></span> <span class='ocrx_word' id='word_1_54' title='bbox 344 679 506 731; x_wconf 79' lang='grc' dir='ltr'><strong><em>εἰσιν.</em></strong></span> <span class='ocrx_word' id='word_1_55' title='bbox 568 675 661 730; x_wconf 84' lang='grc' dir='ltr'><strong><em>καὶ</em></strong></span> <span class='ocrx_word' id='word_1_56' title='bbox 702 677 823 731; x_wconf 83' lang='grc' dir='ltr'><strong><em>ἐπεί</em></strong></span> <span class='ocrx_word' id='word_1_57' title='bbox 858 679 1008 731; x_wconf 85' lang='grc' dir='ltr'><strong><em>ἐστιν</em></strong></span> <span class='ocrx_word' id='word_1_58' title='bbox 1051 673 1125 741; x_wconf 78' lang='grc' dir='ltr'><strong><em>ὥς</em></strong></span> <span class='ocrx_word' id='word_1_59' title='bbox 1165 674 1194 731; x_wconf 81' lang='grc' dir='ltr'><em>ὃ</em></span> <span class='ocrx_word' id='word_1_60' title='bbox 1237 683 1292 731; x_wconf 94' lang='lat' dir='ltr'><em>A</em></span> <span class='ocrx_word' id='word_1_61' title='bbox 1329 675 1466 748; x_wconf 75' lang='grc' dir='ltr'><strong><em>πρὸς</em></strong></span> <span class='ocrx_word' id='word_1_62' title='bbox 1496 675 1594 732; x_wconf 90' lang='grc' dir='ltr'><strong><em>τὸν</em></strong></span> <span class='ocrx_word' id='word_1_63' title='bbox 1630 683 1693 747; x_wconf 94' lang='grc' dir='ltr'>Ζ,</span> <span class='ocrx_word' id='word_1_64' title='bbox 1728 675 1903 743; x_wconf 81' lang='grc' dir='ltr'><strong><em>οὕτως</em></strong></span> 
     </span>
     <span class='ocr_line' id='line_1_8' title="bbox 211 763 1902 838; baseline 0 -18"><span class='ocrx_word' id='word_1_65' title='bbox 211 763 242 820; x_wconf 83' lang='grc' dir='ltr'>ὁ</span> <span class='ocrx_word' id='word_1_66' title='bbox 298 771 351 820; x_wconf 92' lang='grc' dir='ltr'><em>Α</em></span> <span class='ocrx_word' id='word_1_67' title='bbox 397 763 536 837; x_wconf 78' lang='grc' dir='ltr'><strong><em>πρὸς</em></strong></span> <span class='ocrx_word' id='word_1_68' title='bbox 581 764 680 819; x_wconf 90' lang='grc' dir='ltr'><strong><em>τὸν</em></strong></span> <span class='ocrx_word' id='word_1_69' title='bbox 729 771 801 834; x_wconf 89' lang='grc' dir='ltr'><strong><em>Β,</em></strong></span> <span class='ocrx_word' id='word_1_70' title='bbox 847 770 946 819; x_wconf 86' lang='grc' dir='ltr'><strong><em>καί</em></strong></span> <span class='ocrx_word' id='word_1_71' title='bbox 987 769 1129 821; x_wconf 85' lang='grc' dir='ltr'><strong><em>εἰσιν</em></strong></span> <span class='ocrx_word' id='word_1_72' title='bbox 1180 767 1238 820; x_wconf 80' lang='grc' dir='ltr'><strong><em>οἱ</em></strong></span> <span class='ocrx_word' id='word_1_73' title='bbox 1275 772 1346 836; x_wconf 92' lang='lat' dir='ltr'><em>A,</em></span> <span class='ocrx_word' id='word_1_74' title='bbox 1381 771 1425 819; x_wconf 95' lang='lat' dir='ltr'>Z</span> <span class='ocrx_word' id='word_1_75' title='bbox 1463 765 1829 838; x_wconf 78' lang='grc' dir='ltr'><strong><em>τετράγωνοι,</em></strong></span> <span class='ocrx_word' id='word_1_76' title='bbox 1871 763 1902 820; x_wconf 81' lang='grc' dir='ltr'>ὁ</span> 
     </span>
     <span class='ocr_line' id='line_1_9' title="bbox 210 851 1901 927; baseline 0.002 -20"><span class='ocrx_word' id='word_1_77' title='bbox 210 860 264 907; x_wconf 93' lang='lat' dir='ltr'><em>A</em></span> <span class='ocrx_word' id='word_1_78' title='bbox 302 851 411 926; x_wconf 70' lang='grc' dir='ltr'><strong><em>ἄρα</em></strong></span> <span class='ocrx_word' id='word_1_79' title='bbox 450 852 590 925; x_wconf 78' lang='grc' dir='ltr'><strong><em>πρὸς</em></strong></span> <span class='ocrx_word' id='word_1_80' title='bbox 626 851 728 909; x_wconf 88' lang='grc' dir='ltr'><strong><em>τὸν</em></strong></span> <span class='ocrx_word' id='word_1_81' title='bbox 767 859 814 908; x_wconf 91' lang='grc' dir='ltr'><strong><em>Β</em></strong></span> <span class='ocrx_word' id='word_1_82' title='bbox 854 853 1027 925; x_wconf 76' lang='grc' dir='ltr'><strong><em>λόγον</em></strong></span> <span class='ocrx_word' id='word_1_83' title='bbox 1062 859 1197 926; x_wconf 82' lang='grc' dir='ltr'><strong><em>ἔχει,</em></strong></span> <span class='ocrx_word' id='word_1_84' title='bbox 1246 851 1314 910; x_wconf 76' lang='grc' dir='ltr'><strong><em>ὃν</em></strong></span> <span class='ocrx_word' id='word_1_85' title='bbox 1354 855 1701 927; x_wconf 77' lang='grc' dir='ltr'><strong><em>τετράγωνος</em></strong></span> <span class='ocrx_word' id='word_1_86' title='bbox 1739 854 1901 927; x_wconf 81' lang='grc' dir='ltr'><strong><em>ἀριθ-</em></strong></span> 
     </span>
     <span class='ocr_line' id='line_1_10' title="bbox 212 939 1752 1015; baseline 0.001 -19"><span class='ocrx_word' id='word_1_87' title='bbox 212 939 316 1012; x_wconf 87' lang='grc' dir='ltr'><strong><em>μὸς</em></strong></span> <span class='ocrx_word' id='word_1_88' title='bbox 353 940 494 1013; x_wconf 79' lang='grc' dir='ltr'><strong><em>πρὸς</em></strong></span> <span class='ocrx_word' id='word_1_89' title='bbox 531 941 883 1013; x_wconf 78' lang='grc' dir='ltr'><strong><em>τετράγωνον</em></strong></span> <span class='ocrx_word' id='word_1_90' title='bbox 923 941 1195 1014; x_wconf 77' lang='grc' dir='ltr'><strong><em>ἀριθμόν·</em></strong></span> <span class='ocrx_word' id='word_1_91' title='bbox 1235 940 1368 1015; x_wconf 78' lang='grc' dir='ltr'><strong><em>ὅπερ</em></strong></span> <span class='ocrx_word' id='word_1_92' title='bbox 1410 948 1521 1000; x_wconf 79' lang='grc' dir='ltr'><strong><em>ἔδει</em></strong></span> <span class='ocrx_word' id='word_1_93' title='bbox 1565 945 1752 1011; x_wconf 82' lang='grc' dir='ltr'><strong><em>δεῖξαι.</em></strong></span> 
     </span>
    </p>
   </div>
   <div class='ocr_carea' id='block_1_3' title="bbox 120 1075 1903 2223">
    <p class='ocr_par' dir='ltr' id='par_1_3' title="bbox 120 1075 1903 2223">
     <span class='ocr_line' id='line_1_11' title="bbox 124 1075 1103 1143; baseline 0 -12"><span class='ocrx_word' id='word_1_94' title='bbox 124 1092 179 1131; x_wconf 89' lang='lat'><strong><em>10</em></strong></span> <span class='ocrx_word' id='word_1_95' title='bbox 1006 1075 1103 1143; x_wconf 84' lang='grc' dir='ltr'><strong><em>κζ’.</em></strong></span> 
     </span>
     <span class='ocr_line' id='line_1_12' title="bbox 324 1177 1903 1251; baseline 0.002 -19"><span class='ocrx_word' id='word_1_96' title='bbox 324 1180 405 1232; x_wconf 75' lang='lat' dir='ltr'><strong><em>oc</em></strong></span> <span class='ocrx_word' id='word_1_97' title='bbox 448 1177 675 1250; x_wconf 80' lang='grc' dir='ltr'><strong><em>ὅμοιοι</em></strong></span> <span class='ocrx_word' id='word_1_98' title='bbox 723 1179 981 1248; x_wconf 84' lang='grc' dir='ltr'><strong><em>στερεοὶ</em></strong></span> <span class='ocrx_word' id='word_1_99' title='bbox 1029 1177 1309 1250; x_wconf 79' lang='grc' dir='ltr'><strong><em>ἀριθμοὶ</em></strong></span> <span class='ocrx_word' id='word_1_100' title='bbox 1362 1179 1523 1251; x_wconf 79' lang='grc' dir='ltr'><strong><em>πρὸς</em></strong></span> <span class='ocrx_word' id='word_1_101' title='bbox 1574 1177 1903 1249; x_wconf 82' lang='grc' dir='ltr'><strong><em>ἀλλήλους</em></strong></span> 
     </span>
     <span class='ocr_line' id='line_1_13' title="bbox 208 1264 1901 1340; baseline 0.001 -19"><span class='ocrx_word' id='word_1_102' title='bbox 208 1267 411 1337; x_wconf 75' lang='grc' dir='ltr'><strong><em>λόγον</em></strong></span> <span class='ocrx_word' id='word_1_103' title='bbox 450 1272 748 1339; x_wconf 82' lang='grc' dir='ltr'><strong><em>ἔχουσιν,</em></strong></span> <span class='ocrx_word' id='word_1_104' title='bbox 790 1264 866 1322; x_wconf 82' lang='grc' dir='ltr'><strong><em>ὃν</em></strong></span> <span class='ocrx_word' id='word_1_105' title='bbox 903 1266 1107 1337; x_wconf 88' lang='grc' dir='ltr'><strong><em>κύβος</em></strong></span> <span class='ocrx_word' id='word_1_106' title='bbox 1154 1265 1442 1338; x_wconf 77' lang='grc' dir='ltr'><strong><em>ἀριθμὸς</em></strong></span> <span class='ocrx_word' id='word_1_107' title='bbox 1488 1266 1650 1340; x_wconf 79' lang='grc' dir='ltr'><strong><em>πρὸς</em></strong></span> <span class='ocrx_word' id='word_1_108' title='bbox 1699 1267 1901 1338; x_wconf 84' lang='grc' dir='ltr'><strong><em>κύβον</em></strong></span> 
     </span>
     <span class='ocr_line' id='line_1_14' title="bbox 209 1353 524 1427; baseline -0.003 -16"><span class='ocrx_word' id='word_1_109' title='bbox 209 1353 524 1427; x_wconf 74' lang='grc' dir='ltr'><strong><em>ἀριθμόν.</em></strong></span> 
     </span>
     <span class='ocr_line' id='line_1_15' title="bbox 304 1441 1901 1516; baseline -0.001 -17"><span class='ocrx_word' id='word_1_110' title='bbox 304 1441 594 1499; x_wconf 75' lang='grc' dir='ltr'><strong><em>’Ἑστωσαν</em></strong></span> <span class='ocrx_word' id='word_1_111' title='bbox 636 1442 821 1515; x_wconf 82' lang='grc' dir='ltr'><strong><em>ὅμοιοι</em></strong></span> <span class='ocrx_word' id='word_1_112' title='bbox 861 1444 1075 1516; x_wconf 81' lang='grc' dir='ltr'><strong><em>στερεοὶ</em></strong></span> <span class='ocrx_word' id='word_1_113' title='bbox 1115 1442 1350 1515; x_wconf 78' lang='grc' dir='ltr'><strong><em>ἀριθμοὶ</em></strong></span> <span class='ocrx_word' id='word_1_114' title='bbox 1404 1447 1462 1499; x_wconf 78' lang='grc' dir='ltr'><strong><em>οἰ</em></strong></span> <span class='ocrx_word' id='word_1_115' title='bbox 1496 1451 1576 1514; x_wconf 91' lang='grc' dir='ltr'>Α,</span> <span class='ocrx_word' id='word_1_116' title='bbox 1619 1450 1688 1498; x_wconf 89' lang='grc' dir='ltr'><strong><em>Β·</em></strong></span> <span class='ocrx_word' id='word_1_117' title='bbox 1740 1444 1901 1514; x_wconf 78' lang='grc' dir='ltr'><strong><em>λέγω,</em></strong></span> 
     </span>
     <span class='ocr_line' id='line_1_16' title="bbox 123 1528 1900 1605; baseline 0 -18"><span class='ocrx_word' id='word_1_118' title='bbox 123 1554 177 1595; x_wconf 80' lang='lat'><strong><em>15</em></strong></span> <span class='ocrx_word' id='word_1_119' title='bbox 211 1529 295 1588; x_wconf 79' lang='grc' dir='ltr'><strong><em>ὅτι</em></strong></span> <span class='ocrx_word' id='word_1_120' title='bbox 343 1530 373 1586; x_wconf 87' lang='grc' dir='ltr'>ὁ</span> <span class='ocrx_word' id='word_1_121' title='bbox 423 1537 476 1586; x_wconf 90' lang='grc' dir='ltr'><em>Α</em></span> <span class='ocrx_word' id='word_1_122' title='bbox 522 1530 662 1604; x_wconf 80' lang='grc' dir='ltr'><strong><em>πρὸς</em></strong></span> <span class='ocrx_word' id='word_1_123' title='bbox 706 1530 805 1587; x_wconf 89' lang='grc' dir='ltr'><strong><em>τὸν</em></strong></span> <span class='ocrx_word' id='word_1_124' title='bbox 844 1538 891 1586; x_wconf 91' lang='grc' dir='ltr'><strong><em>Β</em></strong></span> <span class='ocrx_word' id='word_1_125' title='bbox 931 1531 1104 1602; x_wconf 77' lang='grc' dir='ltr'><strong><em>λόγον</em></strong></span> <span class='ocrx_word' id='word_1_126' title='bbox 1148 1535 1281 1602; x_wconf 80' lang='grc' dir='ltr'><strong><em>ἔχει,</em></strong></span> <span class='ocrx_word' id='word_1_127' title='bbox 1332 1528 1399 1587; x_wconf 80' lang='grc' dir='ltr'><strong><em>ὃν</em></strong></span> <span class='ocrx_word' id='word_1_128' title='bbox 1438 1532 1611 1603; x_wconf 82' lang='grc' dir='ltr'><strong><em>κύβος</em></strong></span> <span class='ocrx_word' id='word_1_129' title='bbox 1658 1530 1900 1605; x_wconf 77' lang='grc' dir='ltr'><strong><em>ἀριθμὸς</em></strong></span> 
     </span>
     <span class='ocr_line' id='line_1_17' title="bbox 207 1618 871 1693; baseline -0.002 -18"><span class='ocrx_word' id='word_1_130' title='bbox 207 1618 346 1693; x_wconf 81' lang='grc' dir='ltr'><strong><em>πρὸς</em></strong></span> <span class='ocrx_word' id='word_1_131' title='bbox 383 1618 563 1690; x_wconf 84' lang='grc' dir='ltr'><strong><em>κύβον</em></strong></span> <span class='ocrx_word' id='word_1_132' title='bbox 603 1618 871 1692; x_wconf 76' lang='grc' dir='ltr'><strong><em>ἀριθμόν.</em></strong></span> 
     </span>
     <span class='ocr_line' id='line_1_18' title="bbox 315 1706 1898 1780; baseline -0.001 -16"><span class='ocrx_word' id='word_1_133' title='bbox 315 1706 463 1764; x_wconf 84' lang='grc' dir='ltr'><strong><em>Ἐπεὶ</em></strong></span> <span class='ocrx_word' id='word_1_134' title='bbox 509 1706 616 1779; x_wconf 79' lang='grc' dir='ltr'><strong><em>γὰρ</em></strong></span> <span class='ocrx_word' id='word_1_135' title='bbox 664 1709 723 1763; x_wconf 77' lang='grc' dir='ltr'><strong><em>οἱ</em></strong></span> <span class='ocrx_word' id='word_1_136' title='bbox 757 1715 835 1776; x_wconf 92' lang='grc' dir='ltr'>Α,</span> <span class='ocrx_word' id='word_1_137' title='bbox 867 1714 915 1762; x_wconf 92' lang='grc' dir='ltr'><strong><em>Β</em></strong></span> <span class='ocrx_word' id='word_1_138' title='bbox 964 1706 1148 1779; x_wconf 83' lang='grc' dir='ltr'><strong><em>ὅμοιοι</em></strong></span> <span class='ocrx_word' id='word_1_139' title='bbox 1191 1714 1409 1780; x_wconf 80' lang='grc' dir='ltr'><strong><em>στερεοί</em></strong></span> <span class='ocrx_word' id='word_1_140' title='bbox 1453 1712 1624 1773; x_wconf 84' lang='grc' dir='ltr'><strong><em>εἰσιν,</em></strong></span> <span class='ocrx_word' id='word_1_141' title='bbox 1674 1711 1789 1764; x_wconf 76' lang='grc' dir='ltr'><strong><em>τῶν</em></strong></span> <span class='ocrx_word' id='word_1_142' title='bbox 1829 1717 1898 1778; x_wconf 91' lang='grc' dir='ltr'>Α,</span> 
     </span>
     <span class='ocr_line' id='line_1_19' title="bbox 205 1794 1899 1870; baseline -0.001 -17"><span class='ocrx_word' id='word_1_143' title='bbox 205 1803 251 1853; x_wconf 92' lang='grc' dir='ltr'><strong><em>Β</em></strong></span> <span class='ocrx_word' id='word_1_144' title='bbox 293 1795 402 1870; x_wconf 74' lang='grc' dir='ltr'><strong><em>ἄρα</em></strong></span> <span class='ocrx_word' id='word_1_145' title='bbox 442 1795 546 1851; x_wconf 82' lang='grc' dir='ltr'><strong><em>δύο</em></strong></span> <span class='ocrx_word' id='word_1_146' title='bbox 587 1796 744 1866; x_wconf 84' lang='grc' dir='ltr'><strong><em>μέσοι</em></strong></span> <span class='ocrx_word' id='word_1_147' title='bbox 785 1794 1066 1867; x_wconf 81' lang='grc' dir='ltr'><strong><em>ἀνάλογον</em></strong></span> <span class='ocrx_word' id='word_1_148' title='bbox 1102 1797 1466 1868; x_wconf 83' lang='grc' dir='ltr'><strong><em>ἐμπίπτουσιν</em></strong></span> <span class='ocrx_word' id='word_1_149' title='bbox 1500 1795 1751 1870; x_wconf 79' lang='grc' dir='ltr'><strong><em>ἀριθμοί.</em></strong></span> <span class='ocrx_word' id='word_1_150' title='bbox 1809 1799 1899 1868; x_wconf 84' lang='grc' dir='ltr'><strong><em>ἐμ-</em></strong></span> 
     </span>
     <span class='ocr_line' id='line_1_20' title="bbox 204 1883 1898 1957; baseline -0.001 -16"><span class='ocrx_word' id='word_1_151' title='bbox 204 1886 551 1941; x_wconf 86' lang='grc' dir='ltr'><strong><em>πιπτέτωσαν</em></strong></span> <span class='ocrx_word' id='word_1_152' title='bbox 592 1886 651 1939; x_wconf 77' lang='grc' dir='ltr'><strong><em>οί</em></strong></span> <span class='ocrx_word' id='word_1_153' title='bbox 686 1889 749 1954; x_wconf 91' lang='grc' dir='ltr'><strong><em>Γ,</em></strong></span> <span class='ocrx_word' id='word_1_154' title='bbox 783 1891 854 1954; x_wconf 89' lang='grc' dir='ltr'>Δ,</span> <span class='ocrx_word' id='word_1_155' title='bbox 894 1885 986 1939; x_wconf 86' lang='grc' dir='ltr'><strong><em>καὶ</em></strong></span> <span class='ocrx_word' id='word_1_156' title='bbox 1020 1884 1388 1956; x_wconf 77' lang='grc' dir='ltr'><strong><em>εἰλήφθωσαν</em></strong></span> <span class='ocrx_word' id='word_1_157' title='bbox 1426 1885 1702 1957; x_wconf 84' lang='grc' dir='ltr'><strong><em>ἐλάχιστοι</em></strong></span> <span class='ocrx_word' id='word_1_158' title='bbox 1736 1883 1898 1957; x_wconf 77' lang='grc' dir='ltr'><strong><em>ἀριθ-</em></strong></span> 
     </span>
     <span class='ocr_line' id='line_1_21' title="bbox 120 1970 1900 2047; baseline -0.001 -17"><span class='ocrx_word' id='word_1_159' title='bbox 120 1999 176 2038; x_wconf 84' lang='lat'><strong><em>20</em></strong></span> <span class='ocrx_word' id='word_1_160' title='bbox 208 1975 304 2047; x_wconf 85' lang='grc' dir='ltr'><strong><em>μοὶ</em></strong></span> <span class='ocrx_word' id='word_1_161' title='bbox 349 1978 461 2030; x_wconf 80' lang='grc' dir='ltr'><strong><em>τῶν</em></strong></span> <span class='ocrx_word' id='word_1_162' title='bbox 507 1971 607 2029; x_wconf 88' lang='grc' dir='ltr'><strong><em>τὸν</em></strong></span> <span class='ocrx_word' id='word_1_163' title='bbox 654 1970 829 2028; x_wconf 81' lang='grc' dir='ltr'><strong><em>αὐτὸν</em></strong></span> <span class='ocrx_word' id='word_1_164' title='bbox 876 1972 1048 2044; x_wconf 80' lang='grc' dir='ltr'><strong><em>λόγον</em></strong></span> <span class='ocrx_word' id='word_1_165' title='bbox 1089 1973 1332 2045; x_wconf 81' lang='grc' dir='ltr'><strong><em>ἐχόντων</em></strong></span> <span class='ocrx_word' id='word_1_166' title='bbox 1371 1986 1486 2039; x_wconf 79' lang='grc' dir='ltr'><strong><em>τοῖς</em></strong></span> <span class='ocrx_word' id='word_1_167' title='bbox 1523 1982 1602 2045; x_wconf 91' lang='grc' dir='ltr'>Α,</span> <span class='ocrx_word' id='word_1_168' title='bbox 1634 1979 1706 2044; x_wconf 95' lang='grc' dir='ltr'><strong><em>Γ,</em></strong></span> <span class='ocrx_word' id='word_1_169' title='bbox 1740 1982 1820 2045; x_wconf 90' lang='lat' dir='ltr'><em>A,</em></span> <span class='ocrx_word' id='word_1_170' title='bbox 1853 1980 1900 2029; x_wconf 92' lang='lat' dir='ltr'><strong><em>B</em></strong></span> 
     </span>
     <span class='ocr_line' id='line_1_22' title="bbox 205 2059 1899 2136; baseline -0.002 -16"><span class='ocrx_word' id='word_1_171' title='bbox 205 2072 318 2120; x_wconf 80' lang='grc' dir='ltr'><strong><em>ἴσοι</em></strong></span> <span class='ocrx_word' id='word_1_172' title='bbox 357 2060 550 2127; x_wconf 83' lang='grc' dir='ltr'><strong><em>αὐτοῖς</em></strong></span> <span class='ocrx_word' id='word_1_173' title='bbox 587 2059 649 2117; x_wconf 86' lang='grc' dir='ltr'><strong><em>τὸ</em></strong></span> <span class='ocrx_word' id='word_1_174' title='bbox 691 2065 907 2132; x_wconf 85' lang='grc' dir='ltr'><strong><em>πλῆθος</em></strong></span> <span class='ocrx_word' id='word_1_175' title='bbox 947 2064 1006 2117; x_wconf 79' lang='grc' dir='ltr'><strong><em>οἰ</em></strong></span> <span class='ocrx_word' id='word_1_176' title='bbox 1041 2068 1114 2131; x_wconf 91' lang='grc' dir='ltr'>Ε,</span> <span class='ocrx_word' id='word_1_177' title='bbox 1150 2067 1219 2131; x_wconf 87' lang='grc' dir='ltr'>Ζ,</span> <span class='ocrx_word' id='word_1_178' title='bbox 1249 2067 1333 2130; x_wconf 89' lang='grc' dir='ltr'><strong><em>Η,</em></strong></span> <span class='ocrx_word' id='word_1_179' title='bbox 1367 2068 1435 2117; x_wconf 84' lang='grc' dir='ltr'><strong><em>Θ·</em></strong></span> <span class='ocrx_word' id='word_1_180' title='bbox 1495 2065 1554 2117; x_wconf 78' lang='grc' dir='ltr'><strong><em>οἱ</em></strong></span> <span class='ocrx_word' id='word_1_181' title='bbox 1588 2061 1696 2136; x_wconf 74' lang='grc' dir='ltr'><strong><em>ἄρα</em></strong></span> <span class='ocrx_word' id='word_1_182' title='bbox 1736 2061 1899 2134; x_wconf 80' lang='grc' dir='ltr'><strong><em>ἄκροι</em></strong></span> 
     </span>
     <span class='ocr_line' id='line_1_23' title="bbox 204 2148 1899 2223; baseline -0.001 -15"><span class='ocrx_word' id='word_1_183' title='bbox 204 2150 395 2208; x_wconf 78' lang='grc' dir='ltr'><strong><em>αὐτῶν</em></strong></span> <span class='ocrx_word' id='word_1_184' title='bbox 435 2153 494 2207; x_wconf 78' lang='grc' dir='ltr'><strong><em>οἱ</em></strong></span> <span class='ocrx_word' id='word_1_185' title='bbox 530 2157 604 2221; x_wconf 87' lang='grc' dir='ltr'>Ε,</span> <span class='ocrx_word' id='word_1_186' title='bbox 635 2156 682 2206; x_wconf 83' lang='grc' dir='ltr'>Θ</span> <span class='ocrx_word' id='word_1_187' title='bbox 719 2149 885 2221; x_wconf 85' lang='grc' dir='ltr'><strong><em>κύβοι</em></strong></span> <span class='ocrx_word' id='word_1_188' title='bbox 925 2154 1083 2206; x_wconf 83' lang='grc' dir='ltr'><strong><em>εἰσίν.</em></strong></span> <span class='ocrx_word' id='word_1_189' title='bbox 1160 2155 1259 2206; x_wconf 86' lang='grc' dir='ltr'><strong><em>καί</em></strong></span> <span class='ocrx_word' id='word_1_190' title='bbox 1293 2153 1444 2206; x_wconf 82' lang='grc' dir='ltr'><strong><em>ἐστιν</em></strong></span> <span class='ocrx_word' id='word_1_191' title='bbox 1484 2148 1561 2215; x_wconf 76' lang='grc' dir='ltr'><strong><em>ὡς</em></strong></span> <span class='ocrx_word' id='word_1_192' title='bbox 1602 2148 1631 2206; x_wconf 86' lang='grc' dir='ltr'>ὁ</span> <span class='ocrx_word' id='word_1_193' title='bbox 1673 2157 1726 2206; x_wconf 88' lang='grc' dir='ltr'><em>Ε</em></span> <span class='ocrx_word' id='word_1_194' title='bbox 1760 2149 1899 2223; x_wconf 78' lang='grc' dir='ltr'><strong><em>πρὸς</em></strong></span> 
     </span>
    </p>
   </div>
   <div class='ocr_carea' id='block_1_4' title="bbox 202 2237 1984 2311">
    <p class='ocr_par' dir='ltr' id='par_1_4' title="bbox 202 2237 1984 2311">
     <span class='ocr_line' id='line_1_24' title="bbox 202 2237 1984 2311; baseline -0.001 -15"><span class='ocrx_word' id='word_1_195' title='bbox 202 2240 303 2296; x_wconf 87' lang='grc' dir='ltr'><strong><em>τὸν</em></strong></span> <span class='ocrx_word' id='word_1_196' title='bbox 343 2247 414 2311; x_wconf 82' lang='grc' dir='ltr'>Θ,</span> <span class='ocrx_word' id='word_1_197' title='bbox 463 2238 641 2305; x_wconf 77' lang='grc' dir='ltr'><strong><em>οὕτως</em></strong></span> <span class='ocrx_word' id='word_1_198' title='bbox 688 2237 718 2295; x_wconf 83' lang='grc' dir='ltr'><strong>ὁ</strong></span> <span class='ocrx_word' id='word_1_199' title='bbox 759 2247 812 2295; x_wconf 89' lang='grc' dir='ltr'><em>Λ</em></span> <span class='ocrx_word' id='word_1_200' title='bbox 859 2239 999 2311; x_wconf 78' lang='grc' dir='ltr'><strong><em>πρὸς</em></strong></span> <span class='ocrx_word' id='word_1_201' title='bbox 1044 2238 1144 2295; x_wconf 86' lang='grc' dir='ltr'><strong><em>τὸν</em></strong></span> <span class='ocrx_word' id='word_1_202' title='bbox 1184 2246 1253 2295; x_wconf 86' lang='grc' dir='ltr'><strong><em>Β·</em></strong></span> <span class='ocrx_word' id='word_1_203' title='bbox 1301 2239 1393 2294; x_wconf 88' lang='grc' dir='ltr'><strong><em>καὶ</em></strong></span> <span class='ocrx_word' id='word_1_204' title='bbox 1442 2237 1471 2295; x_wconf 83' lang='grc' dir='ltr'>ὁ</span> <span class='ocrx_word' id='word_1_205' title='bbox 1513 2247 1566 2294; x_wconf 93' lang='grc' dir='ltr'><em>Α</em></span> <span class='ocrx_word' id='word_1_206' title='bbox 1606 2238 1718 2310; x_wconf 76' lang='grc' dir='ltr'><strong><em>ἄρα</em></strong></span> <span class='ocrx_word' id='word_1_207' title='bbox 1755 2238 1898 2310; x_wconf 79' lang='grc' dir='ltr'><strong><em>πρὸς</em></strong></span> <span class='ocrx_word' id='word_1_208' title='bbox 1982 2239 1984 2241; x_wconf 50' lang='grc'><strong><em>’</em></strong></span> 
     </span>
    </p>
   </div>
   <div class='ocr_carea' id='block_1_5' title="bbox 114 2324 1898 2488">
    <p class='ocr_par' dir='ltr' id='par_1_5' title="bbox 114 2324 1898 2488">
     <span class='ocr_line' id='line_1_25' title="bbox 201 2324 1898 2399; baseline -0.001 -15"><span class='ocrx_word' id='word_1_209' title='bbox 201 2328 303 2384; x_wconf 88' lang='grc' dir='ltr'><strong><em>τὸν</em></strong></span> <span class='ocrx_word' id='word_1_210' title='bbox 337 2335 383 2383; x_wconf 92' lang='grc' dir='ltr'><strong><em>Β</em></strong></span> <span class='ocrx_word' id='word_1_211' title='bbox 415 2330 588 2398; x_wconf 82' lang='grc' dir='ltr'><strong><em>λόγον</em></strong></span> <span class='ocrx_word' id='word_1_212' title='bbox 622 2332 750 2399; x_wconf 85' lang='grc' dir='ltr'><strong><em>ἔχει,</em></strong></span> <span class='ocrx_word' id='word_1_213' title='bbox 784 2325 851 2384; x_wconf 80' lang='grc' dir='ltr'><strong><em>ὃν</em></strong></span> <span class='ocrx_word' id='word_1_214' title='bbox 883 2327 1055 2398; x_wconf 88' lang='grc' dir='ltr'><strong><em>κύβος</em></strong></span> <span class='ocrx_word' id='word_1_215' title='bbox 1086 2325 1328 2399; x_wconf 76' lang='grc' dir='ltr'><strong><em>ἀριθμὸς</em></strong></span> <span class='ocrx_word' id='word_1_216' title='bbox 1363 2326 1503 2399; x_wconf 86' lang='grc' dir='ltr'><strong><em>πρὸς</em></strong></span> <span class='ocrx_word' id='word_1_217' title='bbox 1535 2326 1713 2396; x_wconf 91' lang='grc' dir='ltr'><strong><em>κύβον</em></strong></span> <span class='ocrx_word' id='word_1_218' title='bbox 1738 2324 1898 2398; x_wconf 82' lang='grc' dir='ltr'><strong><em>ἀριθ-</em></strong></span> 
     </span>
     <span class='ocr_line' id='line_1_26' title="bbox 114 2415 895 2488; baseline -0.004 -14"><span class='ocrx_word' id='word_1_219' title='bbox 114 2440 170 2480; x_wconf 83' lang='lat'><strong><em>25</em></strong></span> <span class='ocrx_word' id='word_1_220' title='bbox 202 2416 333 2488; x_wconf 91' lang='grc' dir='ltr'><strong><em>μόν·</em></strong></span> <span class='ocrx_word' id='word_1_221' title='bbox 377 2415 511 2487; x_wconf 79' lang='grc' dir='ltr'><strong><em>ὅπερ</em></strong></span> <span class='ocrx_word' id='word_1_222' title='bbox 553 2420 665 2471; x_wconf 78' lang='grc' dir='ltr'><strong><em>ἔδει</em></strong></span> <span class='ocrx_word' id='word_1_223' title='bbox 706 2418 895 2483; x_wconf 79' lang='grc' dir='ltr'><strong><em>δεῖξαι.</em></strong></span> 
     </span>
    </p>
   </div>
   <div class='ocr_carea' id='block_1_6' title="bbox 204 2524 560 2533">
    <p class='ocr_par' dir='ltr' id='par_1_6' title="bbox 204 2524 560 2533">
     <span class='ocr_line' id='line_1_27' title="bbox 204 2524 560 2533; baseline 0 619"><span class='ocrx_word' id='word_1_224' title='bbox 204 2524 560 2533; x_wconf 95' lang='lat' dir='ltr'><strong><em> </em></strong></span> 
     </span>
    </p>
   </div>
   <div class='ocr_carea' id='block_1_7' title="bbox 202 2561 1895 2916">
    <p class='ocr_par' dir='ltr' id='par_1_7' title="bbox 202 2561 1895 2916">
     <span class='ocr_line' id='line_1_28' title="bbox 324 2561 1894 2623; baseline -0.001 -15"><span class='ocrx_word' id='word_1_225' title='bbox 324 2570 364 2609; x_wconf 92' lang='grc'><strong>1.</strong></span> <span class='ocrx_word' id='word_1_226' title='bbox 399 2561 488 2608; x_wconf 84' lang='grc' dir='ltr'><strong><em>εἰσι</em></strong></span> <span class='ocrx_word' id='word_1_227' title='bbox 519 2563 622 2620; x_wconf 70' lang='lat' dir='ltr'><strong><em>ch.</em></strong></span> <span class='ocrx_word' id='word_1_228' title='bbox 776 2569 816 2608; x_wconf 83' lang='lat'><strong><em>4.</em></strong></span> <span class='ocrx_word' id='word_1_229' title='bbox 849 2565 965 2622; x_wconf 86' lang='grc' dir='ltr'><strong><em>τοῖς]</em></strong></span> <span class='ocrx_word' id='word_1_230' title='bbox 1009 2577 1122 2609; x_wconf 85' lang='lat' dir='ltr'><strong>corr.</strong></span> <span class='ocrx_word' id='word_1_231' title='bbox 1166 2578 1222 2608; x_wconf 84' lang='lat' dir='ltr'><strong><em>ex</em></strong></span> <span class='ocrx_word' id='word_1_232' title='bbox 1259 2579 1330 2608; x_wconf 88' lang='grc' dir='ltr'><strong><em>τοι</em></strong></span> <span class='ocrx_word' id='word_1_233' title='bbox 1370 2579 1429 2607; x_wconf 90' lang='lat' dir='ltr'><strong><em>m.</em></strong></span> <span class='ocrx_word' id='word_1_234' title='bbox 1473 2569 1498 2608; x_wconf 94' lang='grc'><strong>2</strong></span> <span class='ocrx_word' id='word_1_235' title='bbox 1531 2562 1582 2608; x_wconf 91' lang='grc' dir='ltr'><strong><em>Ρ.</em></strong></span> <span class='ocrx_word' id='word_1_236' title='bbox 1738 2567 1800 2619; x_wconf 90' lang='grc' dir='ltr'>Γ,</span> <span class='ocrx_word' id='word_1_237' title='bbox 1831 2563 1894 2623; x_wconf 90' lang='grc' dir='ltr'><strong><em>Β]</em></strong></span> 
     </span>
     <span class='ocr_line' id='line_1_29' title="bbox 203 2620 1895 2680; baseline -0.001 -13"><span class='ocrx_word' id='word_1_238' title='bbox 203 2627 261 2679; x_wconf 90' lang='grc' dir='ltr'><strong><em>Β,</em></strong></span> <span class='ocrx_word' id='word_1_239' title='bbox 296 2627 340 2668; x_wconf 93' lang='grc' dir='ltr'>Γ</span> <span class='ocrx_word' id='word_1_240' title='bbox 364 2623 416 2668; x_wconf 91' lang='grc' dir='ltr'><strong><em>Ρ.</em></strong></span> <span class='ocrx_word' id='word_1_241' title='bbox 572 2629 611 2668; x_wconf 87' lang='grc'><strong><em>6.</em></strong></span> <span class='ocrx_word' id='word_1_242' title='bbox 647 2621 736 2667; x_wconf 82' lang='grc' dir='ltr'><strong><em>εἰσι</em></strong></span> <span class='ocrx_word' id='word_1_243' title='bbox 766 2623 869 2679; x_wconf 74' lang='lat' dir='ltr'><strong><em>ch.</em></strong></span> <span class='ocrx_word' id='word_1_244' title='bbox 1024 2628 1094 2667; x_wconf 92' lang='lat'><strong><em>11.</em></strong></span> <span class='ocrx_word' id='word_1_245' title='bbox 1129 2621 1202 2680; x_wconf 83' lang='grc' dir='ltr'><strong><em>οἴ]</em></strong></span> <span class='ocrx_word' id='word_1_246' title='bbox 1237 2637 1326 2668; x_wconf 87' lang='lat' dir='ltr'><strong><em>om.</em></strong></span> <span class='ocrx_word' id='word_1_247' title='bbox 1358 2621 1408 2666; x_wconf 89' lang='lat' dir='ltr'><strong><em>P.</em></strong></span> <span class='ocrx_word' id='word_1_248' title='bbox 1565 2627 1633 2668; x_wconf 83' lang='lat'><strong><em>17.</em></strong></span> <span class='ocrx_word' id='word_1_249' title='bbox 1669 2620 1760 2666; x_wconf 83' lang='grc' dir='ltr'><strong><em>εἰσι</em></strong></span> <span class='ocrx_word' id='word_1_250' title='bbox 1790 2622 1895 2678; x_wconf 74' lang='lat' dir='ltr'><strong>Vq).</strong></span> 
     </span>
     <span class='ocr_line' id='line_1_30' title="bbox 205 2677 1895 2752; baseline -0.002 -24"><span class='ocrx_word' id='word_1_251' title='bbox 205 2688 273 2728; x_wconf 91' lang='grc'><strong><em>18.</em></strong></span> <span class='ocrx_word' id='word_1_252' title='bbox 307 2680 460 2740; x_wconf 85' lang='grc' dir='ltr'><strong><em>μέσοι]</em></strong></span> <span class='ocrx_word' id='word_1_253' title='bbox 496 2698 561 2725; x_wconf 88' lang='grc' dir='ltr'><strong><em>-οι</em></strong></span> <span class='ocrx_word' id='word_1_254' title='bbox 601 2696 625 2725; x_wconf 86' lang='lat' dir='ltr'><strong>e</strong></span> <span class='ocrx_word' id='word_1_255' title='bbox 666 2697 783 2726; x_wconf 85' lang='lat' dir='ltr'><strong>corr.</strong></span> <span class='ocrx_word' id='word_1_256' title='bbox 822 2698 882 2728; x_wconf 88' lang='lat' dir='ltr'><strong><em>m.</em></strong></span> <span class='ocrx_word' id='word_1_257' title='bbox 918 2687 940 2726; x_wconf 89' lang='lat'>1</span> <span class='ocrx_word' id='word_1_258' title='bbox 974 2682 1024 2726; x_wconf 89' lang='grc' dir='ltr'><strong><em>Ρ.</em></strong></span> <span class='ocrx_word' id='word_1_259' title='bbox 1151 2687 1217 2728; x_wconf 89' lang='grc'><strong><em>19.</em></strong></span> <span class='ocrx_word' id='word_1_260' title='bbox 1251 2677 1480 2752; x_wconf 53' lang='grc' dir='ltr'><strong><em>ἀριθμοί]</em></strong></span> <span class='ocrx_word' id='word_1_261' title='bbox 1523 2695 1613 2726; x_wconf 89' lang='lat' dir='ltr'><strong><em>om.</em></strong></span> <span class='ocrx_word' id='word_1_262' title='bbox 1650 2682 1700 2727; x_wconf 93' lang='lat' dir='ltr'><strong><em>B.</em></strong></span> <span class='ocrx_word' id='word_1_263' title='bbox 1823 2687 1895 2725; x_wconf 88' lang='lat'><strong><em>20.</em></strong></span> 
     </span>
     <span class='ocr_line' id='line_1_31' title="bbox 203 2737 1894 2801; baseline -0.001 -16"><span class='ocrx_word' id='word_1_264' title='bbox 203 2743 269 2801; x_wconf 92' lang='grc' dir='ltr'><strong><em>Β]</em></strong></span> <span class='ocrx_word' id='word_1_265' title='bbox 306 2744 340 2785; x_wconf 93' lang='grc' dir='ltr'>Ζ</span> <span class='ocrx_word' id='word_1_266' title='bbox 373 2759 422 2798; x_wconf 83' lang='grc' dir='ltr'><strong>φ.</strong></span> <span class='ocrx_word' id='word_1_267' title='bbox 576 2745 646 2784; x_wconf 93' lang='grc'><strong>22.</strong></span> <span class='ocrx_word' id='word_1_268' title='bbox 689 2739 785 2784; x_wconf 85' lang='grc' dir='ltr'><strong><em>εἰσί</em></strong></span> <span class='ocrx_word' id='word_1_269' title='bbox 809 2741 915 2798; x_wconf 68' lang='lat' dir='ltr'><strong><em>ch.</em></strong></span> <span class='ocrx_word' id='word_1_270' title='bbox 1069 2747 1138 2785; x_wconf 84' lang='lat'><strong><em>23.</em></strong></span> <span class='ocrx_word' id='word_1_271' title='bbox 1173 2740 1253 2785; x_wconf 82' lang='grc' dir='ltr'><strong><em>καὶ</em></strong></span> <span class='ocrx_word' id='word_1_272' title='bbox 1292 2757 1317 2785; x_wconf 93' lang='grc' dir='ltr'><strong><em>ο</em></strong></span> <span class='ocrx_word' id='word_1_273' title='bbox 1351 2746 1388 2785; x_wconf 88' lang='grc' dir='ltr'><em>Α</em></span> <span class='ocrx_word' id='word_1_274' title='bbox 1428 2737 1522 2796; x_wconf 75' lang='grc' dir='ltr'><strong><em>ἄρα</em></strong></span> <span class='ocrx_word' id='word_1_275' title='bbox 1564 2737 1682 2797; x_wconf 85' lang='grc' dir='ltr'><strong><em>πρὸς</em></strong></span> <span class='ocrx_word' id='word_1_276' title='bbox 1713 2737 1797 2784; x_wconf 85' lang='grc' dir='ltr'><strong><em>τὸν</em></strong></span> <span class='ocrx_word' id='word_1_277' title='bbox 1829 2740 1894 2798; x_wconf 88' lang='grc' dir='ltr'><strong><em>Β]</em></strong></span> 
     </span>
     <span class='ocr_line' id='line_1_32' title="bbox 202 2795 1895 2858; baseline -0.001 -14"><span class='ocrx_word' id='word_1_278' title='bbox 202 2815 297 2858; x_wconf 84' lang='lat' dir='ltr'><strong><em>mg.</em></strong></span> <span class='ocrx_word' id='word_1_279' title='bbox 332 2817 382 2856; x_wconf 88' lang='grc' dir='ltr'><strong><em>φ.</em></strong></span> <span class='ocrx_word' id='word_1_280' title='bbox 535 2803 607 2844; x_wconf 84' lang='grc'><strong>25.</strong></span> <span class='ocrx_word' id='word_1_281' title='bbox 649 2796 765 2857; x_wconf 78' lang='grc' dir='ltr'><strong><em>ὅπερ</em></strong></span> <span class='ocrx_word' id='word_1_282' title='bbox 816 2798 915 2844; x_wconf 77' lang='grc' dir='ltr'><strong><em>ἔδει</em></strong></span> <span class='ocrx_word' id='word_1_283' title='bbox 954 2800 1137 2858; x_wconf 80' lang='grc' dir='ltr'><strong><em>δεῖξαι]</em></strong></span> <span class='ocrx_word' id='word_1_284' title='bbox 1181 2814 1269 2845; x_wconf 91' lang='lat' dir='ltr'><strong><em>om.</em></strong></span> <span class='ocrx_word' id='word_1_285' title='bbox 1301 2800 1352 2843; x_wconf 92' lang='lat' dir='ltr'><strong><em>B.</em></strong></span> <span class='ocrx_word' id='word_1_286' title='bbox 1414 2801 1467 2843; x_wconf 92' lang='lat' dir='ltr'><strong><em>In</em></strong></span> <span class='ocrx_word' id='word_1_287' title='bbox 1497 2800 1588 2844; x_wconf 86' lang='lat' dir='ltr'><strong><em>fine</em></strong></span> <span class='ocrx_word' id='word_1_288' title='bbox 1631 2795 1895 2844; x_wconf 77' lang='grc' dir='ltr'><strong><em>Εὐκλείδου</em></strong></span> 
     </span>
     <span class='ocr_line' id='line_1_33' title="bbox 204 2855 606 2916; baseline -0.005 -12"><span class='ocrx_word' id='word_1_289' title='bbox 204 2861 442 2916; x_wconf 78' lang='grc' dir='ltr'><strong><em>στοιχείων</em></strong></span> <span class='ocrx_word' id='word_1_290' title='bbox 473 2855 524 2914; x_wconf 91' lang='grc' dir='ltr'><strong><em>η’</em></strong></span> <span class='ocrx_word' id='word_1_291' title='bbox 555 2859 606 2903; x_wconf 89' lang='grc' dir='ltr'><strong>Ρ.</strong></span> 
     </span>
    </p>
   </div>
  </div>
 </body>
</html>
