1988 3152
210 124 282 177 66
851 125 1187 167 ΣΤΟΙΧΕῙῼΝ
1218 139 1239 168 ε
1252 120 1278 168 ’.

206 241 346 314 πρὸς
382 241 446 298 τὸ
489 248 563 311 Ε,
613 239 792 306 οὕτως
829 239 891 296 τὸ
932 246 980 296 Θ
1016 239 1155 311 πρὸς
1192 240 1255 297 τὸ
1296 247 1369 296 Κ·
1446 242 1539 297 καὶ
1579 239 1654 307 ὡς
1693 239 1802 313 ἄρα
1840 241 1903 297 τὸ

206 337 253 385 Θ
300 329 439 402 πρὸς
477 329 540 385 τὸ
580 334 659 398 Κ,
707 327 886 394 οὕτως
923 327 986 384 τὸ
1027 334 1079 383 Λ
1117 329 1258 401 πρὸς
1295 329 1358 386 τὸ
1400 337 1491 401 Μ,
1537 330 1630 385 καὶ
1670 329 1904 397 ἐναλλὰξ
1974 381 1978 385 .

207 416 280 484 ὡς
326 417 388 474 τὸ
429 424 476 473 Θ
521 416 664 490 πρὸς
707 416 771 472 τὸ
812 423 890 487 Λ,
937 415 1000 473 τὸ
1040 422 1099 472 Κ
1131 416 1270 490 πρὸς
1307 417 1371 474 τὸ
1411 425 1490 474 Μ
1569 421 1794 490 ἐδείχθη
1844 417 1906 474 δὲ

204 506 297 560 καὶ
345 504 419 571 ὥς
464 504 527 561 τὸ
577 511 643 561 Η
681 505 822 577 πρὸς
866 504 927 560 τὸ
977 511 1048 576 Θ,
1099 504 1277 571 οὕτως
1324 505 1386 562 τό
1428 512 1502 561 Μ
1539 504 1678 578 πρὸς
1722 504 1784 562 τὸ
1824 512 1946 562 Ν»

146 606 172 646 5
206 594 322 649 ἐπεὶ
377 587 484 649 οὖν
536 598 663 666 τρία
717 595 927 666 μεγέθη
968 594 1083 650 ἐστὶ
1128 592 1194 649 τὰ
1243 600 1324 665 Η,
1372 601 1443 665 Θ,
1491 600 1568 665 Λ,
1622 595 1716 649 καὶ
1763 593 1905 649 ἄλλα

205 681 395 748 αὐτοῖς
435 688 528 738 ἴσα
567 681 629 738 τὸ
669 687 888 755 πλῆθος
925 681 993 738 τὰ
1033 688 1112 753 Κ,
1153 689 1234 753 M,
1274 688 1339 738 N
1372 682 1588 739 σύνδυο
1628 682 1905 754 λαμβανό-

203 793 342 842 μενα
383 773 443 827 ἐν
482 774 558 847 τῷ
599 769 957 848 αὐτῷὲλόγῳ,
996 775 1095 826 καί
1122 772 1271 827 ἐστιν
1303 769 1492 828 αὐτῶν
1524 772 1899 844 τεταραγμένη
1986 771 1988 776 ’

200 856 235 928 ἡ
284 857 583 930 ἀναλογία,
632 859 708 915 δι’
754 866 882 915 ἴσον
928 858 1063 931 ἄρα,
1109 864 1162 915 εἰ
1196 857 1451 933 ὑπερέχει
1491 858 1553 916 τὸ
1593 865 1659 915 Η
1689 863 1790 915 τοῦ
1832 865 1901 930 Λ,

201 946 452 1020 ὑπερέχει
497 948 590 1003 καὶ
635 947 700 1004 τὸ
738 953 797 1003 Κ
829 951 929 1003 τοῦ
969 953 1052 1018 Ν,
1098 947 1191 1003 καὶ
1231 952 1282 1003 εἰ
1319 955 1471 1020 ἴσον,
1522 956 1673 1020 ἴσον,
1720 948 1812 1003 καὶ
1851 951 1903 1003 εἰ

112 1050 168 1090 10
201 1041 454 1107 ἔλαττον,
503 1041 745 1093 ἔλαττον.
821 1040 920 1092 καί
954 1037 1070 1092 ἐστι
1107 1035 1175 1091 τὰ
1217 1036 1318 1108 μὲν
1357 1043 1443 1108 Η,
1482 1043 1541 1092 K
1573 1041 1687 1094 τῶν
1727 1044 1805 1107 Α,
1847 1043 1902 1091 Δ
1984 1095 1988 1098 ,

201 1125 381 1191 ἰσάκις
404 1125 822 1197 πολλαπλάσια,
859 1124 928 1181 τὰ
960 1125 1023 1183 δὲ
1055 1131 1126 1197 Λ,
1159 1130 1224 1181 Ν
1247 1128 1360 1182 τῶν
1392 1131 1457 1197 Γ,
1491 1132 1551 1181 Ζ.
1607 1130 1758 1182 ἔστιν
1791 1123 1901 1197 ἄρα

201 1211 276 1280 ὡς
313 1212 376 1270 τὸ
416 1221 470 1269 Α
507 1214 647 1286 πρὸς
685 1213 746 1271 τὸ
786 1213 1070 1294 Γ,,οῧτως
1107 1212 1170 1270 τὸ
1211 1222 1266 1269 Δ
1304 1214 1442 1287 πρὸς
1480 1213 1544 1270 τὸ
1585 1218 1644 1269 Ζ.
1984 1258 1988 1282 :

306 1301 439 1359 Ἐὰν
487 1301 597 1377 ἄρα
642 1297 678 1377 ᾗ
726 1308 854 1377 τρία
900 1305 1109 1375 μεγέθη
1157 1303 1250 1358 καὶ
1288 1302 1431 1359 ἄλλα
1472 1300 1664 1368 αὐτοῖς
1704 1309 1797 1358 ἴσα
1836 1301 1898 1358 τὸ
1982 1304 1988 1365 j

198 1394 416 1462 πλῆθος
447 1391 662 1448 σύνδυο
703 1391 1100 1464 λαμβανόμενα
1140 1393 1201 1448 ἐν
1238 1395 1314 1467 τῷ
1356 1390 1508 1469 αὐτῷ
1550 1390 1718 1467 λόγῳ,
1757 1385 1793 1464 ᾗ
1835 1392 1898 1448 δὲ
1977 1387 1988 1401 ”

110 1494 165 1535 15
197 1481 572 1554 τεταραγμένη
621 1477 808 1537 αὐτῶν
858 1478 892 1553 ἡ
943 1478 1242 1553 ἀναλογία,
1282 1481 1376 1537 καὶ
1418 1478 1493 1536 διῖ
1547 1486 1676 1536 ἴσου
1723 1482 1783 1536 ἐν
1822 1483 1898 1554 τῷ

198 1566 347 1646 αὐτῷ
388 1568 538 1646 λόγῳ
580 1573 755 1625 ἔσται·
817 1567 954 1643 ὅπερ
995 1573 1108 1626 ἔδει
1149 1570 1340 1637 δεῖξαι.

991 1746 1107 1803 κδ’.

306 1861 450 1920 Ἐὰν
497 1868 759 1938 πρῶτον
805 1863 967 1938 πρὸς
1014 1863 1330 1935 δεύτερον
1376 1861 1490 1919 τὸν
1537 1860 1894 1936 αὐτὸνέχῃ
1975 1855 1988 1916 ᾗ

196 1952 397 2024 λόγον
451 1955 560 2010 καὶ
609 1959 836 2026 τρίτον
890 1951 1049 2027 πρὸς
1102 1953 1443 2026 τέταρτον,
1500 1956 1607 2025 ἔχῃ
1664 1952 1734 2008 δὲ
1786 1953 1892 2007 καὶ
1984 2025 1988 2028 ,

106 2058 163 2099 20
194 2043 486 2113 πέμπτον
541 2041 701 2115 πρὸς
757 2042 1076 2115 δεύτερον
1125 2039 1239 2098 τὸν
1287 2039 1488 2097 αὐτὸν
1538 2040 1738 2112 λόγον
1784 2041 1894 2096 καὶ

195 2132 384 2187 ἕκτον
422 2129 587 2201 πρὸς
616 2132 958 2203 τέταρτον,
997 2130 1106 2185 καὶ
1139 2129 1471 2187 συντεθὲν
1503 2132 1755 2203 πρῶτον
1785 2130 1893 2184 καὶ

193 2219 486 2289 πέμπτον
533 2217 695 2290 πρὸς
742 2218 1062 2292 δεύτερον
1107 2218 1220 2274 τὸν
1267 2215 1469 2274 αὐτὸν
1517 2218 1646 2284 ἔξει
1693 2217 1892 2289 λόγον

193 2307 302 2362 καὶ
342 2311 570 2380 τρίτον
609 2307 719 2362 καὶ
760 2309 952 2364 ἕκτον
992 2306 1144 2380 πρὸς
1181 2307 1513 2380 τέταρτον.

314 2534 355 2574 2.
401 2524 579 2588 οὕτως]
621 2543 710 2575 0111.
759 2528 946 2588 BFVp.
1017 2529 1105 2575 Hic
1152 2542 1338 2587 quoque
1383 2528 1608 2573 nonnulla
1654 2528 1702 2573 in
1740 2528 1775 2573 F
1822 2529 1890 2574 ita
1947 2544 1956 2552 ·

196 2591 509 2643 memmerunt,
543 2590 597 2633 ut
626 2588 723 2647 legi
755 2603 848 2634 non
878 2589 1074 2661 possint.
1228 2594 1269 2635 4.
1303 2589 1411 2647 καί]
1445 2602 1466 2631 s
1533 2601 1586 2631 ra
1614 2587 1670 2632 V.
1808 2583 1887 2633 οῧ-

192 2649 310 2707 τως]
344 2662 434 2695 om.
466 2624 661 2706 B’va.
754 2653 796 2692 5.
830 2643 954 2693 ἐστὶν
979 2643 1217 2705 ἄναλογον
1243 2647 1406 2693 Theon
1392 2589 1640 2715 ](BssV)
1748 2643 1886 2706 ἄλλα]

198 2722 340 2764 supra
369 2706 420 2753 F.
546 2712 587 2753 7.
620 2707 743 2753 Ante
778 2703 829 2752 ἐν
853 2723 915 2752 m.
941 2713 967 2752 2
992 2707 1151 2752 insert.
1177 2709 1264 2752 και
1281 2707 1340 2763 F,
1371 2705 1420 2751 in
1446 2721 1538 2762 quo
1561 2662 1640 2750 hle
1662 2706 1888 2751 nonnulla

197 2766 385 2811 sustulit]
415 2766 734 2812 resarcinatio.
836 2771 877 2814 8.
910 2762 970 2825 ἡ]
1004 2781 1094 2812 om.
1127 2766 1178 2812 P.
1281 2771 1348 2811 10.
1454 2765 1664 2822 ἔλασσον,
1691 2763 1886 2810 ἔλασσον

190 2826 336 2883 BVp.
465 2831 533 2872 11.
565 2830 625 2882 Λ,
659 2826 830 2870 Ντῶν
865 2829 916 2882 Γ,
950 2826 1012 2885 Ζ]
1046 2826 1096 2871 in
1127 2839 1221 2883 mg.
1261 2826 1508 2871 transeunts
1538 2840 1599 2870 m.
1634 2830 1672 2879 1,
1708 2838 1801 2882 seq.
1834 2823 1885 2868 111

189 2899 284 2943 mg.
333 2879 449 2930 ἄλλα
497 2879 528 2929 ἃ
578 2883 742 2942 ἔτυχεν
795 2882 968 2943 ἰσακις,
1015 2885 1123 2930 dein
1170 2884 1220 2930 in
1265 2886 1400 2929 textu
1454 2881 1777 2930 πολλαπλάσια
1821 2883 1879 2936 F3
