1988 3152
279 183 390 237 324
909 185 1246 228 ΣΤοΙΧΕΙΩΝ
1275 183 1342 242 η’.

275 307 331 358 Γ
354 301 492 374 πρὸς
528 300 628 357 τὸν
668 307 714 356 Ζ
752 302 844 357 καὶ
886 299 915 357 5
957 309 1012 357 A
1042 301 1181 375 πρὸς
1211 302 1312 359 τὸν
1343 309 1409 358 Η
1430 303 1523 359 καὶ
1555 301 1584 359 5
1618 310 1671 358 Ε
1697 302 1835 377 πρὸς
1863 303 1965 360 τὸν

281 397 354 461 Θ,
411 387 588 454 οὕτως
634 387 663 444 5
711 397 765 445 A
808 389 948 463 πρὸς
993 390 1092 446 τὸν
1138 397 1210 447 Ν.
1287 391 1482 461 πάλιν,
1537 393 1652 447 ἐπεὶ
1709 392 1967 463 ἑκάτερος

277 482 390 534 τῶν
438 485 511 548 Ε,
543 483 591 532 Θ
635 476 736 534 τὸν
786 485 861 534 Μ
897 479 1386 546 πολλαπλασιάσας
1425 479 1686 552 ἑκάτερον
1732 482 1845 535 τῶν
1891 486 1966 549 Ν,

275 569 325 629 Ξ
366 571 692 637 πεποίηκεν,
732 571 884 623 ἔστιν
922 565 1032 638 ἄρα
1071 566 1147 633 ὥς
1186 591 1215 624 ο
1259 575 1311 624 Ε
1345 567 1485 641 πρὸς
1521 566 1621 623 τὸν
1669 575 1742 639 Θ,
1792 568 1968 633 οὕτως

219 667 246 706 5
281 653 309 711 5
358 661 424 711 Ν
465 654 606 728 πρὸς
649 655 751 712 τὸν
790 658 849 719 Ξ.
926 653 1047 710 ἄλλ’
1093 654 1167 721 ὥς
1199 654 1228 711 5
1272 663 1324 711 Ε
1357 655 1497 727 πρὸς
1534 655 1635 711 τὸν
1676 661 1748 726 Θ,
1790 654 1966 722 οὕτως

277 742 308 800 ὅ
355 766 413 799 τε
461 748 515 798 Γ
559 743 698 815 πρὸς
743 742 843 799 τὸν
890 751 935 798 Ζ
981 745 1072 799 καὶ
1123 744 1152 800 5
1205 752 1259 799 A
1305 743 1444 813 πρὸς
1488 743 1589 799 τὸν
1634 749 1713 798 Η·
1762 745 1854 800 καὶ
1894 742 1968 810 ὡς

274 831 385 905 ἄρα
432 829 462 887 5
509 837 562 887 Γ
601 831 741 904 πρὸς
785 832 886 888 τὸν
936 839 981 886 Ζ
1027 833 1119 887 καὶ
1169 833 1197 887 5
1250 838 1307 887 A
1353 830 1490 905 πρὸς
1534 831 1636 887 τὸν
1685 838 1750 887 Η
1794 832 1886 887 καὶ
1935 832 1963 887 5

275 927 328 976 Ε
377 918 515 993 πρὸς
567 919 668 975 τὸν
715 927 784 991 Θ,
841 922 1016 986 οὕτως
1063 919 1094 975 ὅ
1141 943 1199 976 τε
1254 928 1306 976 Α
1352 919 1491 993 πρὸς
1535 919 1637 976 τὸν
1684 926 1748 976 Ν
1796 920 1887 975 καὶ
1936 918 1964 975 5

273 1014 339 1064 N
377 1007 517 1079 πρὸς
562 1006 662 1064 τὸν
709 1011 769 1071 Ξ.
846 1007 1040 1078 πάλιν,
1090 1009 1206 1064 ἐπεὶ
1254 1008 1283 1064 5
1328 1015 1375 1063 Θ
1412 1007 1514 1063 τὸν
1551 1014 1626 1063 Μ
1655 1013 1966 1063 πολλαπλα-

190 1107 245 1146 10
279 1097 478 1162 σιάσας
522 1095 622 1152 τὸν
669 1099 719 1159 Ξ
759 1101 1084 1167 πεποίηκεν,
1125 1095 1266 1153 ἀλλὰ
1318 1096 1430 1167 μὴν
1475 1097 1568 1151 καὶ
1606 1095 1707 1151 τὸν
1747 1102 1798 1150 Λ
1835 1102 1966 1151 πολ-

274 1184 655 1251 λαπλασιάσας
707 1183 807 1241 τὸν
854 1191 902 1240 Β
948 1191 1275 1256 πεποίηκεν,
1323 1191 1474 1241 ἔστιν
1528 1183 1638 1256 ἄρα
1693 1184 1768 1249 ὡς
1823 1184 1852 1239 5
1901 1190 1976 1238 M

272 1274 413 1346 πρὸς
461 1272 560 1330 τὸν
617 1280 693 1344 Λ,
750 1272 927 1340 οὕτως
974 1272 1003 1328 5
1052 1276 1102 1338 Ξ
1147 1274 1288 1345 πρὸς
1332 1273 1433 1330 τὸν
1487 1280 1550 1329 Β.
1629 1271 1753 1328 ἀλλ’
1814 1269 1889 1338 ὡς
1936 1269 1964 1327 5

272 1369 348 1419 M
383 1361 521 1432 πρὸς
557 1361 658 1418 τὸν
708 1368 783 1433 Λ,
831 1361 1006 1428 οὕτως
1046 1363 1078 1418 5'
1116 1384 1174 1418 τε
1212 1368 1266 1418 Γ
1297 1360 1436 1431 πρὸς
1472 1361 1573 1417 τὸν
1615 1367 1659 1416 Ζ
1697 1361 1790 1416 καὶ
1838 1360 1867 1417 5
1911 1368 1968 1416 A

273 1451 412 1524 πρὸς
449 1450 548 1507 τὸν
587 1457 652 1506 Η
691 1451 784 1505 καὶ
818 1448 847 1506 5
888 1457 940 1505 E
982 1450 1122 1524 πρὸς
1159 1450 1260 1507 τὸν
1301 1457 1362 1506 Θ.
1439 1450 1530 1505 καὶ
1579 1447 1654 1516 ὥς
1694 1449 1806 1521 ἄρα
1848 1448 1876 1506 5
1920 1454 1975 1505 Γ

184 1557 239 1597 15
272 1538 413 1611 πρὸς
449 1538 549 1595 τὸν
590 1546 635 1594 Ζ
673 1540 764 1594 καὶ
807 1539 836 1595 5
882 1547 936 1594 A
974 1539 1114 1610 πρὸς
1152 1537 1252 1594 τὸν
1293 1545 1355 1594 Η
1387 1539 1479 1594 καὶ
1520 1537 1548 1594 5
1591 1545 1643 1593 E
1685 1536 1826 1610 πρὸς
1863 1536 1963 1593 τὸν

274 1633 344 1698 Θ,
401 1625 578 1694 οὕτως
624 1626 694 1683 οὐ
748 1626 927 1697 μόνον
976 1625 1004 1683 5
1053 1631 1103 1691 Ξ
1146 1627 1285 1701 πρὸς
1335 1626 1435 1683 τὸν
1483 1634 1557 1698 Β,
1604 1625 1745 1682 ἀλλὰ
1793 1627 1884 1681 καὶ
1933 1627 1960 1681 5

272 1724 326 1771 A
375 1714 512 1787 πρὸς
557 1714 656 1771 τὸν
703 1721 768 1770 Ν
806 1715 898 1770 καὶ
940 1713 970 1771 5
1016 1721 1082 1771 N
1121 1715 1260 1788 πρὸς
1297 1714 1399 1772 τὸν
1445 1718 1503 1779 Ξ.
1575 1717 1632 1770 οἰ
1675 1723 1752 1786 Α,
1787 1721 1868 1786 Ν,
1901 1717 1963 1784 Ξ,

274 1810 322 1859 Β
371 1802 481 1875 ἄρα
526 1805 649 1876 ἑξῆς
695 1809 838 1860 εἰσιν
886 1801 1170 1875 ἀνάλογον
1220 1806 1281 1859 ἐν
1328 1815 1447 1868 τοῖς
1492 1805 1806 1876 εἰρημένοις
1851 1807 1964 1859 τῶν

273 1897 531 1966 πλευρῶν
570 1893 772 1964 λόγοις.

181 1998 239 2037 20
384 1983 570 2052 Λέγω,
620 1982 706 2037 ὅτι
751 1983 843 2037 καὶ
893 1981 922 2036 5
970 1988 1023 2035 A
1068 1980 1208 2054 πρὸς
1246 1982 1345 2036 τὸν
1384 1987 1431 2036 Β
1470 1985 1835 2052 τριπλασίονα
1874 1982 1965 2036 λό-

269 2092 373 2140 γον
420 2073 530 2141 ἔχει
583 2068 722 2142 ἤπερ
776 2069 811 2142 ἡ
862 2068 1134 2141 ὁμόλογος
1181 2067 1391 2142 πλευρὰ
1437 2068 1576 2141 πρὸς
1620 2068 1722 2140 τὴν
1764 2066 1961 2139 ὁμόλο-

271 2180 377 2230 γον
414 2158 690 2231 πλευράν,
729 2160 1013 2214 τουτέστιν
1052 2157 1192 2230 ἥπερ
1237 2156 1267 2214 5
1307 2162 1360 2213 Γ
1403 2155 1646 2230 ἀριθμὸς
1685 2156 1822 2229 πρὸς
1859 2155 1961 2212 τὸν

272 2253 317 2302 Ζ
358 2244 392 2318 ἢ
434 2245 463 2302 5
506 2253 561 2301 A
598 2247 737 2319 πρὸς
774 2248 874 2304 τὸν
915 2252 979 2302 Η
1009 2248 1100 2302 καὶ
1143 2251 1220 2303 ἔτι
1261 2244 1291 2302 5
1332 2252 1386 2301 E
1419 2244 1557 2318 πρὸς
1586 2245 1686 2301 τὸν
1719 2251 1780 2301 Θ.
1845 2244 1962 2301 ἐπεὶ

267 2336 377 2408 γὰρ
416 2337 676 2408 τέσσαρες
715 2334 950 2408 ἀριθμοὶ
990 2336 1113 2407 ἑξῆς
1152 2333 1439 2405 ἀνάλογόν
1484 2337 1628 2389 εἰσιν
1675 2336 1734 2389 οἶ
1776 2340 1854 2404 Α,
1886 2339 1962 2403 Ν,

178 2439 236 2478 25
268 2427 341 2495 Ξ,
378 2431 446 2494 Β,
495 2422 524 2479 5
566 2433 620 2479 A
666 2423 775 2498 ἄρα
822 2424 961 2493 πρὸς
1004 2423 1107 2480 τὸν
1147 2429 1194 2478 Β
1233 2427 1599 2495 τριπλασίονα
1637 2421 1814 2492 λόγον
1854 2426 1962 2494 ἔχει

268 2511 408 2585 ἤπερ
456 2512 485 2567 5
536 2520 591 2567 A
636 2512 775 2584 πρὸς
820 2512 921 2569 τὸν
967 2519 1038 2568 Ν.
1116 2509 1237 2567 ἀλλ’
1290 2509 1364 2577 ὡς
1412 2509 1441 2566 5
1482 2518 1535 2566 A
1573 2509 1710 2583 πρὸς
1748 2509 1846 2566 τὸν
1886 2516 1961 2580 Ν,

271 2599 449 2665 οὕτως
487 2602 714 2672 ἐδείχθη
755 2599 787 2657 ὅ
824 2623 882 2657 τε
922 2606 976 2657 Γ
1004 2599 1145 2674 πρὸς
1183 2598 1285 2655 τὸν
1326 2605 1371 2654 Ζ
1409 2599 1501 2654 καὶ
1542 2599 1571 2655 5
1608 2606 1662 2653 A
1692 2598 1828 2672 πρὸς
1861 2597 1960 2655 τὸν

269 2693 335 2743 Η
364 2688 455 2743 καὶ
496 2692 575 2743 ἔτι
615 2687 644 2744 5
686 2696 738 2744 E
772 2688 910 2763 πρὸς
947 2688 1049 2745 τὸν
1091 2695 1150 2744 Θ.
1222 2687 1315 2743 καὶ
1364 2687 1393 2743 5
1434 2694 1487 2741 A
1526 2685 1635 2758 ἄρα
1681 2686 1821 2759 πρὸς
1857 2687 1960 2743 τὸν

387 2857 427 2896 2.
460 2851 536 2910 Ν]
570 2865 687 2895 corr.
721 2866 777 2895 ex
808 2855 854 2895 K
881 2850 936 2894 V.
1060 2857 1101 2895 6.
1133 2851 1248 2895 Post
1279 2852 1329 2893 H
1361 2848 1467 2894 add.
1499 2848 1555 2893 P:
1596 2848 1678 2893 καὶ
1711 2845 1736 2892 ὁ
1772 2852 1813 2892 Ε
1843 2846 1961 2905 πρὸς

266 2906 352 2955 τὸν
386 2911 438 2955 Θ.
561 2911 642 2954 καὶ
675 2906 737 2960 ὡς
760 2935 815 2942 —-
843 2914 890 2953 8:
923 2906 1006 2954 τὸν
1041 2910 1112 2967 Θ]
1156 2908 1244 2953 del.
1278 2907 1316 2950 P
1347 2909 1396 2951 et
1425 2923 1485 2952 m.
1522 2912 1543 2950 1
1578 2909 1626 2952 et
1658 2923 1717 2952 m.
1754 2912 1794 2951 2.
1917 2912 1958 2952 8.

266 2969 340 3027 τε]
366 2983 456 3014 om.
481 2970 530 3013 P.
655 2973 696 3012 9.
728 2969 799 3027 Ξ]
827 2971 862 3012 Ζ
886 2985 935 3023 φ.
1063 2973 1130 3012 14.
1167 2969 1220 3013 Θ.
1267 2962 1437 3024 antipas
1461 2961 1554 3023 ἄρα
1579 2962 1604 3010 5
1639 2970 1684 3010 Γ
1711 2963 1831 3023 πρὸς
1854 2963 1958 3024 τόν]
