1988 3152
238 132 312 185 94
441 153 468 179 ο
870 131 1208 174 ΣΤοῙΧΕΙΩΝ
1239 126 1306 175 ς’.

237 252 300 305 αἱ
341 250 532 306 λοιπαὶ
577 252 778 320 γωνίαι
823 258 945 313 ταῖς
994 254 1213 313 λοιπαῖς
1261 251 1493 318 γωνίαις
1534 253 1650 303 ἴσαι
1691 250 1934 318 ἔσονται,

234 336 339 409 ὑφ’
384 335 450 404 ἃς
489 341 551 393 αἱ
587 346 703 394 ἴσαι
741 337 977 410 πλευραὶ
1014 336 1424 392 ὑποτείνουσιν.
1493 342 1586 407 ἴση
1627 334 1737 407 ἄρα
1779 337 1929 395 ἐστὶν

234 426 269 497 ἡ
312 426 413 497 μὲν
451 426 563 481 ὑπὸ
604 431 790 481 ΔΖΗ
819 429 886 499 τῇ
925 425 1037 481 ὑπὸ
1080 431 1274 494 ΔΖΕ,
1308 424 1348 495 ἡ
1390 424 1455 479 δὲ
1491 424 1603 480 ὑπὸ
1645 429 1822 479 ΔΗΖ
1860 426 1928 496 τῇ

231 513 342 568 ὑπὸ
399 520 582 571 ΔΕΖ.
654 513 775 570 ἄλλ’
827 513 862 585 ἡ
917 513 1027 569 ὑπὸ
1076 518 1260 568 ΔΖΗ
1296 516 1365 585 τῇ
1403 512 1521 568 ᾱὺπὸ
1573 516 1736 566 ΑΓΒ
1777 513 1928 567 ἐστιν

177 613 204 654 5
240 608 355 671 ἴση·
405 601 499 656 καὶ
549 603 584 674 ἡ
632 602 743 659 ὑπὸ
789 606 953 658 ΑΓΒ
1001 601 1110 675 ἄρα
1155 610 1222 674 τῇ
1262 601 1374 657 ὑπὸ
1414 607 1470 655 A
1483 606 1591 655 ZE
1627 602 1778 656 ἐστιν
1820 605 1928 670 ἴση.

231 689 520 746 ὑπόκειται
560 689 623 746 δὲ
658 691 754 745 καὶ
790 689 818 745 v‘
865 690 976 746 ὑπὸ
1017 695 1192 746 ΒΑΓ
1222 693 1288 763 τῇ
1329 690 1440 746 ὑπὸ
1475 695 1645 744 ΕΔΖ
1678 695 1792 759 ἴση·
1831 687 1926 742 καὶ

229 781 396 849 λοιπὴ
446 777 556 851 ἄρα
602 779 637 850 ἡ
685 781 826 851 πρὸς
870 782 947 855 τῷ
996 785 1043 834 Β
1090 783 1259 851 λοιπῇ
1306 782 1373 852 τῇ
1419 779 1562 850 πρὸς
1607 779 1682 853 τῷ
1732 782 1785 831 Ε
1832 781 1925 846 ἴση

232 867 403 921 ἐστίν·
446 866 749 937 ἰσογώνιον
782 866 891 938 ἄρα
924 867 1039 922 ἐστὶ
1062 869 1126 922 τὸ
1151 872 1324 923 ΑΒΓ
1346 871 1625 938 τρίγωνον
1648 867 1728 938 τῷ
1754 868 1926 918 ΔΕΖ

232 951 502 1027 τριγώνῳ.

145 1052 201 1093 10
343 1039 475 1096 Ἐὰν
526 1039 635 1113 ἄρα
686 1041 791 1097 δύο
841 1045 1087 1113 τρίγωνα
1137 1045 1271 1111 μίαν
1321 1045 1534 1112 γωνίαν
1589 1043 1687 1113 μιᾷ
1745 1044 1925 1114 γωνίᾳ

230 1135 359 1199 ἴσην
400 1133 523 1202 ἔχῃ,
561 1130 688 1203 περὶ
729 1129 791 1185 δὲ
827 1131 926 1196 τὰς
966 1137 1089 1195 ἴσας
1125 1134 1332 1201 γωνίας
1370 1132 1468 1195 τὰς
1506 1130 1748 1201 πλευρὰς
1788 1126 1921 1183 ἀνά-

226 1223 427 1288 λογον,
453 1217 740 1289 ’ἰσογώνια
779 1221 931 1272 ἔσται
963 1220 1036 1272 τὰ
1078 1223 1321 1290 τρίγωνα
1359 1218 1451 1273 καὶ
1502 1224 1625 1282 ἴσας
1670 1217 1775 1283 ἕξει
1822 1219 1923 1283 τὰς

225 1309 458 1376 γωνίας,
507 1305 608 1378 ὑφ’
668 1303 734 1371 ἃς
784 1308 846 1361 αἱ
894 1305 1162 1377 ὁμόλογοι
1210 1305 1445 1378 πλευραὶ
1500 1305 1920 1362 ὑποτείνουσιν·

229 1390 365 1462 ὅπερ
405 1397 519 1449 ἔδει
560 1396 747 1461 δεῖξαι.

135 1506 189 1547 15
1044 1497 1104 1565 ζ’.

327 1598 474 1656 Ἐὰν
522 1601 642 1657 δύο
697 1606 990 1673 τρίγωνα
1038 1606 1194 1672 μίαν
1247 1605 1502 1672 γωνίαν
1548 1603 1662 1672 μιᾷ
1708 1605 1919 1676 γωνίᾳ

219 1693 371 1758 ἴσην
419 1692 556 1762 ἔχῃ,
613 1690 762 1762 περὶ
819 1689 887 1745 δὲ
934 1688 1135 1755 ἄλλοις
1180 1694 1428 1760 γωνίας
1471 1686 1586 1755 τὰς
1631 1688 1918 1762 πλευρὰς

216 1772 582 1849 ἀνάλογον,
629 1781 756 1834 τῶν
797 1778 867 1834 δὲ
913 1781 1169 1834 λοιπῶν
1221 1779 1541 1850 ἑκατέραν
1588 1775 1726 1849 ἅμα
1769 1776 1915 1850 ἤτοι

217 1862 547 1920 ἐλάσσονα
616 1862 650 1937 ἢ
719 1866 801 1938 μὴ
875 1866 1208 1922 ἐλάσσονα
1278 1866 1512 1940 ὀρθῆς,
1593 1866 1914 1937 ἰσογώνια

127 1958 186 2000 20
218 1955 398 2008 ἔσται
458 1952 532 2009 τὰ
599 1958 891 2027 τρίγωνα
939 1954 1047 2009 καὶ
1104 1961 1248 2020 ἴσας
1300 1956 1431 2022 ἕξει
1484 1953 1596 2020 τὰς
1648 1960 1911 2026 γωνίας,

213 2041 363 2111 περὶ
401 2038 474 2107 ἃς
511 2039 848 2113 ἀνάλογόν
888 2045 1066 2098 εἰσιν
1106 2045 1178 2098 αἱ
1211 2047 1504 2116 πλευραί.

308 2125 492 2184 ’Ἑστω
557 2127 661 2185 δύο
722 2133 970 2201 τρίγωνα
1031 2128 1098 2185 τὰ
1153 2134 1343 2202 ΑΒΓ,
1377 2136 1545 2186 ΔΕΖ
1607 2136 1740 2203 μίαν
1801 2154 1908 2203 γω-

214 2217 346 2270 νίαν
393 2218 492 2289 μιᾷ
531 2220 712 2291 γωνίᾳ
759 2223 887 2289 ἴσην
938 2221 1137 2290 ἔχοντα
1187 2216 1294 2290 τὴν
1332 2216 1443 2274 ὑπὸ
1485 2224 1658 2275 ΒΑΓ
1685 2223 1751 2294 τῇ
1791 2218 1904 2276 ὑπὸ

213 2307 412 2374 ΕΔΖ,
466 2303 591 2374 περὶ
640 2303 702 2360 δὲ
748 2302 920 2372 ἄλλας
965 2310 1174 2377 γωνίας
1217 2304 1316 2372 τὰς
1360 2304 1469 2363 ὑπὸ
1519 2313 1700 2379 ΑΒΓ,
1734 2314 1903 2364 ΔΕΖ

125 2405 183 2447 25
214 2388 314 2456 τὰς
357 2389 600 2464 πλευρὰς
649 2389 964 2465 ἀνάλογον,
1020 2391 1095 2460 ὡς
1145 2392 1250 2465 τὴν
1290 2401 1398 2450 ΑΒ
1445 2395 1583 2469 πρὸς
1628 2395 1731 2468 τὴν
1782 2402 1904 2469 ΒΓ,

213 2477 391 2546 οὕτως
434 2478 547 2551 τὴν
593 2487 711 2537 ΔΕ
752 2481 893 2553 πρὸς
937 2480 1041 2554 τὴν
1087 2488 1218 2553 ΕΖ,
1263 2487 1378 2539 τῶν
1424 2483 1486 2539 δὲ
1532 2489 1745 2541 λοιπῶν
1790 2490 1904 2543 τῶν

333 2664 372 2704 1.
404 2655 605 2703 ἔσονται
655 2655 855 2732 ἑκατέρα
896 2659 1099 2719 ἑκατέρα
1137 2661 1299 2706 Theon
1345 2661 1445 2717 (BF
1457 2661 1571 2719 Vp)
1722 2667 1763 2709 3.
1800 2658 1898 2709 υπὸ

212 2717 383 2787 AHZ]
424 2715 840 2775 PeyrarduS‚1‘m‹'›
882 2723 1020 2764 ΔΕΖ
1050 2706 1113 2775 Ρς
1140 2717 1270 2793 πρὸς
1310 2721 1374 2778 τῷ
1407 2723 1452 2764 H
1493 2721 1655 2766 Theon
1686 2721 1899 2794 (BFVp.

208 2772 563 2890 ῗῖῗέοέζρπν
517 2790 718 2895 ροςοὲοῗ
722 2780 956 2884 EmTh2e)on
987 2766 1734 2911 (Bssvhgbtfffrffvgws
1742 2796 1896 2896 mog?
1984 2831 1988 2866 3

209 2890 325 2938 ἄλλά
357 2893 406 2940 Ρ.
530 2897 683 2955 ΑΓΒ]
718 2899 848 2940 ΒΓΑ
879 2897 937 2955 P,
970 2902 1006 2941 A
1038 2897 1088 2942 in
1118 2912 1208 2943 ras.
1331 2903 1372 2943 6.
1405 2894 1535 2942 καὶ
1511 2915 1540 2955 η
1567 2925 1622 2931 --
1650 2894 1774 2945 ἐστιν
1799 2898 1894 2956 ἴση]
1985 2900 1988 2918 ⁴
