1988 3152
201 68 312 121 360
593 32 597 33 Β
827 67 1165 109 ΣΤΟΙΧΕΙῼΝ
1195 63 1269 112 θ’.

201 185 367 251 ἄλλος
422 185 608 250 οὐδεὶς
659 183 831 254 κύβος
885 187 1036 238 ἔσται
1092 183 1260 255 χωρὶς
1313 187 1413 239 τοῦ
1462 184 1728 257 τετάρτου
1782 182 1891 241 ἀπὸ

199 276 296 345 τῆς
335 273 581 345 μονάδος
619 273 711 327 καὶ
750 273 864 333 τῶν
903 271 1007 327 δύο
1051 270 1470 328 διαλειπόντων.

313 366 387 417 Εἰ
429 361 537 434 γὰρ
587 359 861 430 δυνατόν,
908 364 1046 416 ἔστω
1095 358 1124 416 6
1174 367 1229 415 A
1266 360 1451 431 κύβος.
1526 365 1641 416 ἔστι
1691 361 1753 417 δὲ
1798 362 1891 416 καὶ

1947 0 1988 213 1

1966 214 1988 239 k.

1962 237 1988 291 Ξ

202 447 231 506 6
264 455 316 505 Γ
347 449 540 520 κύβος·
579 449 837 522 τέταρτος
874 448 983 520 γάρ
1017 450 1167 504 ἐστιν
1199 445 1305 504 ἀπὸ
1339 452 1436 520 τῆς
1475 448 1736 520 μονάδος.
1797 453 1895 504 καί
1979 451 1984 455 ’

143 552 168 590 5
203 539 353 593 ἐστιν
401 535 473 602 ὡς
522 534 550 592 6
594 541 646 591 Γ
683 534 825 608 πρὸς
862 534 961 591 τὸν
1002 543 1082 606 Δ,
1131 535 1159 591 6
1203 542 1249 591 Β
1289 534 1428 606 πρὸς
1464 537 1567 592 τὸν
1612 543 1681 593 Γ·
1727 539 1820 593 καὶ
1861 535 1891 593 6

201 631 247 680 Β
288 626 395 694 ἄρα
433 623 572 698 πρὸς
611 623 710 679 τὸν
750 628 804 679 Γ
835 623 1005 695 λόγον
1045 628 1174 695 ἔχει,
1214 621 1280 679 ὃν
1320 623 1491 694 κύβος
1529 623 1669 696 πρὸς
1699 626 1891 697 κύβον.

200 717 298 768 καί
334 715 483 768 ἐστιν
524 710 554 768 6
594 717 648 767 Γ
678 711 867 783 κύβος·
930 713 1021 767 καὶ
1062 710 1091 767 6
1132 719 1179 767 Β
1218 713 1326 783 ἄρα
1365 711 1538 783 κύβος
1579 714 1743 768 ἐστίν.
1798 714 1891 768 καὶ

202 804 324 856 ἐπεί
365 803 514 856 ἐστιν
564 798 637 867 ὡς
683 798 718 872 ἡ
767 800 939 872 μονὰς
985 799 1124 871 πρὸς
1169 800 1268 856 τὸν
1308 808 1386 871 Α,
1434 798 1464 855 6
1505 808 1558 856 A
1608 800 1747 871 πρὸς
1792 800 1893 857 τὸν

200 895 275 959 Β,
315 887 349 961 ἡ
391 890 453 945 δὲ
492 889 674 962 μονὰς
711 889 811 945 τὸν
851 897 904 944 A
942 900 1130 961 μετρεῖ
1164 888 1301 945 κατοέ
1339 887 1436 954 τὰς
1484 891 1546 945 ἐν
1595 887 1746 965 αὐτῷ
1794 912 1891 960 μο-

114 994 169 1033 10
200 977 404 1049 νάδας,
451 979 544 1034 καὶ
593 976 622 1034 6
671 986 724 1034 A
770 978 879 1051 ἄρα
926 977 1027 1033 τὸν
1067 984 1114 1033 Β
1155 990 1343 1051 μετρεῖ
1378 977 1514 1034 κατὰ
1555 977 1654 1044 τὰς
1694 980 1754 1033 ἐν
1794 976 1894 1033 αὑ-
1982 1007 1988 1046 ,;

198 1069 275 1142 ‘⁶93
317 1066 589 1138 μονάδας·
631 1064 659 1122 6
701 1074 754 1122 A
793 1065 903 1138 ἄρα
943 1065 1147 1122 ἑαυτὸν
1186 1066 1678 1132 πολλαπλασιάσας
1716 1066 1894 1138 κύβον

199 1154 300 1210 τὸν
354 1161 401 1210 Β
455 1159 767 1227 πεποίηκεν.
845 1154 945 1211 ἐὰν
1008 1154 1069 1210 δὲ
1127 1153 1371 1228 ἀριθμὸς
1425 1154 1629 1211 ἑαυτὸν
1690 1161 1893 1211 πολλα-
1984 1175 1985 1178 ’

199 1245 510 1310 πλασιάσας
539 1244 717 1315 κύβον
748 1248 900 1318 ποιῇ,
938 1245 1032 1299 καὶ
1071 1242 1239 1310 αὐτὸς
1277 1243 1450 1315 κύβος
1488 1247 1655 1299 ἔσται.
1717 1243 1892 1314 κύβος

200 1331 311 1406 ἄρα
356 1333 449 1388 καὶ
504 1331 532 1388 6
590 1341 663 1388 A·
719 1331 854 1406 ὅπερ
903 1331 1007 1405 οὐχ
1062 1330 1364 1388 ὑπόκειται.
1444 1330 1548 1388 οὐκ
1596 1330 1705 1403 ἄρα
1754 1330 1783 1388 6
1834 1339 1890 1387 A

114 1434 168 1475 15
200 1420 372 1493 κύβος
426 1423 592 1479 ἐστίν.
671 1420 875 1493 ὁμοίως
932 1421 1001 1493 δὴ
1060 1424 1339 1494 δείξομεν,
1396 1419 1482 1477 ὅτι
1539 1418 1664 1476 οὐδ’
1724 1419 1894 1487 ἄλλος

203 1508 390 1576 οὐδεὶς
428 1509 601 1581 κύβος
641 1510 756 1565 ἐστὶ
794 1511 963 1583 χωρὶς
1000 1513 1102 1566 τοῦ
1141 1509 1406 1581 τετάρτου
1445 1507 1554 1565 άπό
1594 1512 1691 1581 τῆς
1722 1509 1894 1581 μονά-

203 1604 302 1665 δος
340 1599 433 1655 καὶ
470 1602 584 1655 τῶν
627 1598 733 1655 δύο
776 1600 1203 1655 διαλειπόντων·
1246 1596 1381 1671 ὅπερ
1423 1602 1535 1654 ἔδει
1577 1600 1769 1665 δεῖξαι.

1001 1769 1095 1801 ια.

310 1834 457 1890 Ἐὰν
498 1833 622 1890 ἀπὸ
665 1834 957 1905 μονάδος
1006 1832 1371 1890 ὁποσοιοῦν
1419 1832 1702 1905 ἀριθμοὶ
1751 1835 1897 1906 ἑξῆς

114 1939 172 1979 20
203 1922 544 1994 ἀνάλογον
585 1916 778 1993 ὦσιν,
820 1920 850 1978 6
892 1922 1178 1978 ἐλάττων
1211 1921 1327 1978 τὸν
1367 1927 1638 1997 μείζονα
1677 1934 1901 1995 μετρεῖ

202 2011 362 2067 κατά
410 2034 558 2067 τινα
604 2015 733 2068 τῶν
781 2009 1217 2083 ὑπαρχόντων
1259 2012 1326 2066 ἐν
1372 2021 1513 2075 τοῖς
1561 2009 1896 2082 ἀνάλογον

204 2099 536 2173 ἀριθμοῖς.

300 2188 591 2246 ’Ἑστωσαν
647 2188 755 2245 ἀπὸ
819 2188 1066 2261 μονάδος
1119 2191 1216 2259 τῆς
1263 2195 1316 2243 A
1372 2185 1686 2244 ὁποσοιοῦν
1736 2187 1897 2260 ἀριθ-

203 2278 299 2350 μοὶ
339 2279 463 2350 ἑξῆς
501 2277 787 2349 ἀνάλογον
828 2279 887 2333 οἰ
920 2283 994 2347 Β,
1027 2282 1098 2348 Γ,
1133 2284 1206 2347 Δ,
1238 2283 1306 2332 Ε·
1347 2278 1510 2348 λέγω,
1556 2274 1641 2332 ὅτι
1679 2281 1793 2333 τῶν
1832 2283 1899 2347 Β,

116 2383 172 2424 25
205 2372 276 2437 Γ,
311 2374 392 2438 Δ,
434 2373 486 2422 Ε
530 2365 559 2423 6
610 2367 893 2440 ἐλάχιστος
940 2364 970 2421 6
1018 2372 1064 2421 Β
1113 2365 1214 2421 τὸν
1254 2370 1307 2419 Ε
1342 2376 1530 2438 μετρεῖ
1580 2365 1718 2420 κατά
1773 2388 1898 2421 τινα

203 2460 319 2513 τῶν
358 2460 430 2525 Γ,
465 2463 535 2512 Δ.

311 2543 459 2600 Ἐπεὶ
505 2545 612 2616 γάρ
661 2545 812 2598 ἐστιν
860 2540 934 2608 ὡς
979 2539 1013 2614 ἡ
1056 2551 1107 2597 A
1154 2539 1330 2613 μονὰς
1367 2540 1507 2614 πρὸς
1549 2540 1649 2597 τὸν
1689 2548 1761 2613 Β,
1803 2541 1897 2598 οὕ-

204 2655 312 2699 τως
352 2630 381 2688 6
425 2639 479 2687 A
517 2630 657 2703 πρὸς
695 2631 794 2687 τὸν
835 2638 909 2702 Ε,
951 2630 1134 2696 ἰσάκις
1173 2629 1280 2703 ἄρα
1320 2627 1353 2701 ἡ
1394 2638 1447 2685 A
1493 2627 1674 2701 μονὰς
1710 2628 1810 2686 τὸν
1849 2636 1898 2686 Β

326 2786 368 2825 3.
403 2777 527 2837 ἔστι]
562 2796 598 2823 -ι
629 2778 679 2823 in
711 2793 800 2823 ras.
834 2779 899 2834 V,
934 2777 1060 2823 ἔστιν
1091 2779 1142 2823 Ρ.
1247 2783 1286 2823 5.
1320 2773 1424 2836 τόν]
1455 2778 1528 2822 bis
1561 2792 1650 2822 om.
1682 2777 1734 2822 B.
1829 2778 1896 2836 Γ]

208 2841 327 2897 (alt.)
359 2852 499 2896 supra
528 2855 579 2894 φ.
706 2843 746 2883 6.
781 2835 896 2896 ἄρα]
932 2852 1071 2894 supra
1101 2853 1161 2882 m.
1199 2844 1220 2882 1
1255 2838 1304 2882 P.
1430 2842 1467 2882 7.
1503 2832 1606 2882 ἔστί
1632 2837 1731 2893 Vq).
1856 2842 1896 2882 8.
