1988 3152
122 1085 177 1125 10

122 1535 177 1575 15

213 146 320 202 148
855 151 1192 195 ΣΤοῙΧΕΙΩΝ
1222 148 1288 195 ς’.

208 268 270 323 ἐκ
307 269 421 323 τῶν
460 270 734 335 πλευρῶν.
814 267 906 322 καὶ
948 270 1068 323 ἐπεί
1102 270 1251 324 ἐστιν
1292 267 1366 334 ῶς
1412 267 1446 339 ἡ
1487 273 1596 323 ΒΓ
1627 267 1765 340 πρὸς
1803 268 1906 340 τὴν

206 359 349 426 ΓΗ,
396 354 574 421 οὕτως
620 353 681 410 τὸ
731 359 846 410 ΑΓ
886 360 1462 429 παραλληλόγραμμον
1508 356 1647 428 πρὸς
1684 356 1747 414 τὸ
1788 363 1907 429 ΓΘ,

209 442 335 499 ἀλλ’
388 442 462 509 ῶς
509 442 542 515 ἡ
592 449 704 499 ΒΓ
734 443 875 517 πρὸς
911 444 1015 516 τὴν
1055 451 1190 517 ΓΗ,
1239 445 1415 512 οὕτως
1462 443 1495 517 ἡ
1537 451 1595 501 Κ
1629 445 1768 517 πρὸς
1804 446 1908 517 τὴν

206 538 284 602 Λ,
324 533 417 587 καὶ
458 530 533 599 ῶς
572 532 682 606 ἄρα
722 530 755 604 ἡ
799 539 858 589 K
893 532 1032 606 πρὸς
1068 533 1171 606 τὴν
1212 541 1280 606 Λ,
1321 533 1498 600 οὕτως
1537 534 1598 591 τὸ
1632 541 1747 591 ΑΓ
1771 535 1910 605 πρὸς

208 620 269 677 τὸ
311 626 428 677 ΓΘ.
505 621 700 693 πάλιν,
753 624 874 678 ἐπεί
916 624 1067 678 ἐστιν
1115 621 1189 689 ῶς
1236 620 1269 694 ἡ
1312 628 1430 679 ΔΓ
1460 623 1599 695 πρὸς
1644 623 1747 694 τὴν
1787 629 1908 695 ΓΕ,
1980 612 1988 618 “

209 707 389 775 οὕτως
434 708 496 766 τὸ
545 714 647 766 ΓΘ
695 711 1277 784 παραλληλόγραμμον
1325 710 1463 785 πρὸς
1500 711 1562 767 τὸ
1603 717 1728 783 ΓΖ,
1782 710 1902 768 ἀλλ’

208 796 284 864 ῶς
330 796 363 870 ἡ
414 803 532 854 ΔΓ
570 797 709 867 πρὸς
754 797 862 870 τὴν
911 804 1039 869 ΓΕ,
1088 798 1265 866 οὕτως
1310 797 1344 871 ἡ
1393 807 1444 854 Λ
1490 798 1628 869 πρὸς
1674 799 1778 872 τὴν
1825 807 1907 872 M,

207 886 300 941 καὶ
333 886 409 952 ῶς
439 886 549 960 ἄρα
572 887 607 958 ἡ
636 893 687 942 A
714 886 853 959 πρὸς
876 887 982 959 τὴν
1006 894 1085 959 Μ,
1119 887 1296 954 οὕτως
1326 887 1389 945 τὸ
1426 893 1528 944 ΓΘ
1563 888 1910 960 παραλληλό-

207 998 466 1048 γραμμον
513 974 652 1048 πρὸς
697 975 760 1033 τὸ
810 982 911 1033 ΓΖ
960 976 1554 1050 παραλληλόγραμμον.
1640 978 1753 1033 ἐπεὶ
1803 971 1909 1034 οὖν

210 1066 457 1138 ἐδείχθη,
490 1062 566 1130 ῶς
597 1064 699 1136 μὲν
731 1063 766 1136 ἡ
800 1071 857 1120 Κ
886 1063 1025 1136 πρὸς
1054 1064 1157 1137 τὴν
1182 1072 1251 1137 Λ,
1285 1063 1461 1132 οὕτως
1481 1065 1544 1122 τὸ
1572 1070 1909 1138 ΑΓπαραλ-

208 1155 607 1227 ληλόγραμμον
640 1153 782 1225 πρὸς
813 1154 876 1211 τὸ
909 1159 1011 1210 ΓΘ
1042 1154 1641 1227 παραλληλόγραμμον,
1676 1153 1749 1222 ῶς
1780 1156 1842 1212 δὲ
1873 1153 1908 1227 ἡ

208 1249 262 1299 Λ
295 1242 435 1314 πρὸς
464 1242 569 1315 τὴν
601 1250 683 1315 M,
720 1242 900 1310 οὕτως
929 1243 992 1300 τὸ
1026 1249 1130 1300 ΓΘ
1159 1243 1741 1317 παραλληλόγραμμον
1774 1243 1912 1316 πρὸς

206 1331 271 1388 τὸ
322 1337 422 1388 ΓΖ
467 1333 1080 1405 παραλληλόγραμμον,
1132 1331 1201 1390 δι’
1256 1340 1383 1389 ἴσου
1423 1332 1532 1403 ἄρα
1571 1334 1722 1389 ἐστὶν
1763 1331 1838 1399 ῶς
1875 1331 1909 1405 ἡ

207 1426 267 1476 Κ
295 1420 435 1491 πρὸς
466 1420 570 1493 τὴν
604 1428 686 1493 M,
722 1423 903 1488 οὕτως
934 1421 997 1478 τὸ
1030 1427 1148 1478 ΑΓ
1170 1422 1309 1493 πρὸς
1338 1422 1400 1478 τὸ
1436 1427 1535 1478 ΓΖ
1566 1422 1911 1493 παραλληλό·

209 1532 482 1583 γραμμον.
558 1509 592 1582 ἡ
629 1511 690 1567 δὲ
724 1517 782 1566 Κ
816 1511 956 1584 πρὸς
986 1510 1088 1583 τὴν
1120 1517 1194 1567 Μ
1215 1510 1389 1583 λόγον
1422 1516 1530 1584 ἔχει
1562 1511 1662 1568 τὸν
1695 1515 1911 1582 συγκεί-

208 1621 383 1671 μενον
422 1600 482 1655 ἐκ
519 1603 634 1656 τῶν
674 1603 954 1671 πλευρῶν·
1000 1601 1100 1656 καὶ,
1132 1600 1194 1657 τὸ
1235 1606 1350 1657 ΑΓ
1382 1599 1493 1671 ἄρα
1531 1599 1670 1673 πρὸς
1706 1599 1768 1657 τὸ
1811 1605 1912 1656 ΓΖ

146 1757 150 1761 η
208 1687 382 1760 λόγον
438 1692 548 1761 ἔχει
586 1687 688 1745 τὸν
730 1693 1098 1760 συγκείμενον
1137 1691 1197 1745 ἐκ
1235 1693 1349 1746 τῶν
1387 1693 1658 1762 πλευρῶν.

327 1775 408 1833 Τὰ
455 1776 566 1850 ἄρα
619 1776 891 1849 ἰσογώνια
933 1778 1485 1850 παραλληλόγραμμα
1522 1777 1662 1850 πρὸς
1701 1777 1913 1849 ἄλληλα

208 1865 382 1938 λόγον
430 1870 540 1938 ἔχει
586 1864 687 1922 τὸν
741 1872 1108 1939 συγκείμενον
1165 1869 1222 1923 ἐκ
1276 1869 1389 1922 τῶν
1441 1869 1720 1938 πλευρῶν·
1778 1866 1911 1938 ὅπερ

126 1978 184 2019 20
214 1948 279 2011 ’ἕὸ
283 1976 330 2010 ει
371 1956 560 2022 δεῖξαι.

122 2457 178 2499 25

1003 2057 1110 2114 κδ’.

322 2162 581 2229 Παντὸς
612 2163 1312 2234 παραλληλογράμμου
1343 2161 1416 2217 τὰ
1449 2163 1596 2233 περὶ
1621 2160 1739 2233 τὴν
1773 2159 1912 2217 διοί-

210 2273 451 2324 μετρον
514 2251 1175 2323 παραλληλόγραμμα
1237 2248 1434 2323 ὅμοιά
1497 2252 1632 2307 ἐστι
1702 2253 1786 2327 τῷ
1848 2271 1912 2306 τε

213 2340 341 2416 ὅλῳ
382 2340 489 2395 καὶ
530 2339 860 2412 ἀλλήλοις.

308 2427 489 2485 ’Ἑστω
529 2428 1118 2502 παραλληλόγραμμον
1149 2428 1212 2485 τὸ
1246 2433 1493 2499 ΑΒΓΔ,
1527 2427 1819 2499 διάμετρος
1850 2426 1913 2483 δὲ

213 2516 390 2574 αὐτοῦ
421 2516 455 2589 ἡ
489 2525 542 2573 Α
552 2523 613 2589 Γ,
653 2518 779 2590 περὶ
814 2516 877 2573 δὲ
908 2515 1011 2589 τὴν
1042 2525 1096 2573 Α
1105 2523 1158 2574 Γ
1180 2515 1729 2590 παραλληλόγραμμα
1773 2519 1910 2571 ἔστω
1979 2541 1982 2549 ⁴

212 2605 280 2662 τὰ
305 2611 438 2678 ΕΗ,
465 2612 575 2662 ΘΚ
584 2625 595 2665 ,·
621 2607 782 2678 λέγω,
810 2605 898 2663 ὅτι
923 2606 1185 2679 ἑκάτερον
1208 2610 1321 2663 τῶν
1345 2611 1478 2676 ΕΗ,
1503 2610 1616 2660 ΘΚ
1634 2610 1912 2677 παραλλη-

212 2694 555 2769 λογράμμων
595 2693 797 2767 ὅμοιόν
838 2697 952 2751 ἐστι
993 2693 1104 2770 ὅλῳ
1143 2698 1218 2770 τῷ
1251 2698 1473 2750 ΑΒΓΔ
1511 2693 1603 2749 καὶ
1636 2692 1911 2766 ἀλλήλοις.

336 2879 374 2917 1.
406 2869 514 2932 τίν]
555 2888 617 2919 m.
653 2878 679 2917 2
712 2872 763 2917 F.
918 2877 960 2916 2.
995 2873 1119 2932 ΓΗ]
1159 2873 1327 2918 mutat.
1366 2871 1417 2916 in
1458 2873 1548 2916 ΓΘ
1586 2873 1638 2916 Β.
1791 2872 1910 2989 ΓΘΞῘΙ

214 2933 381 2979 mutat.
413 2931 463 2978 in
497 2934 598 2977 ΓΗ
624 2932 676 2977 Β.
801 2937 840 2977 3.
873 2927 933 2990 ἡ]
969 2946 1057 2977 om,
1091 2947 1136 2990 p.
1265 2927 1370 2991 τήν]
1403 2945 1492 2977 om.
1525 2931 1660 2989 BFp.
1785 2933 1883 2975 ΓΗ
