1988 3152
521 68 983 111 ELEMENTORUM
1012 67 1195 108 LIBER
1225 66 1347 109 vm.
1674 60 1784 114 295

96 194 152 246 in
197 192 381 247 eadem
418 189 629 242 ratione
671 190 814 241 sunt.
893 204 1059 256 quare
1098 186 1263 239 etiam
1303 189 1378 254 A,
1418 186 1486 254 Γ,
1527 187 1605 250 A,
1645 186 1692 235 Β
1733 186 1788 235 et

102 286 164 349 E,
193 285 272 349 M,
301 282 373 347 N,
405 282 451 331 Z
490 278 548 330 in
580 276 767 329 eadem
798 275 1009 328 ratione
1042 277 1182 328 sunt.
1235 291 1424 326 uerum
1455 276 1523 341 A,
1555 273 1615 340 Γ,
1641 275 1710 339 A,
1738 273 1786 323 Β

99 371 342 437 deinceps
381 362 813 436 proportionales
847 365 987 414 sunt.
1043 379 1207 430 quare
1240 361 1406 412 etiam
1430 362 1494 427 E,
1526 361 1606 428 M,
1636 361 1709 427 N,
1743 361 1787 409 Z

99 458 342 525 deinceps
390 450 827 524 proportionales
876 453 1019 502 sunt.
1098 466 1224 519 ergo
1275 451 1408 518 quot
1445 447 1588 499 inter
1625 451 1699 515 A,
1740 449 1786 498 Β

97 544 383 598 secundum
444 540 853 611 proportionem
916 537 1228 590 continuam
1290 535 1603 604 interpositi
1665 537 1790 588 sunt

95 633 327 701 numeri,
370 631 602 684 totidem
648 629 812 681 etiam
859 627 1002 679 inter
1039 630 1110 696 E,
1150 630 1195 678 Z
1236 625 1530 678 secundum
1569 641 1790 693 propor-

97 723 301 775 tionem
341 719 657 772 continuam
694 716 1004 785 interpositi
1043 717 1171 768 sunt
1209 714 1440 783 numeri3
1490 712 1632 783 quod
1673 715 1795 783 erat,

96 807 585 863 demonstrandum.

896 907 988 961 IX,

208 1014 264 1069 Si
314 1016 419 1068 duo
469 1014 683 1067 numeri
731 1013 876 1065 inter
923 1031 978 1065 se
1026 1011 1189 1081 primi
1237 1013 1362 1063 sunt
1411 1013 1464 1062 et
1509 1011 1652 1062 inter
1698 1026 1789 1062 eos

96 1105 386 1159 seeundum
434 1104 845 1174 proportionem
886 1104 1198 1154 continuam
1236 1100 1658 1168 interponuntur
1693 1116 1791 1150 nu-

97 1195 233 1247 meri
280 1195 509 1262 aliquot,
557 1196 689 1262 quot
736 1192 881 1244 inter
920 1209 1011 1243 eos
1052 1189 1340 1242 secundum
1382 1188 1792 1258 proportionem

97 1284 407 1336 continuam
450 1283 871 1351 interponuntur
908 1278 1136 1343 numeri,
1174 1277 1405 1330 totidem
1445 1278 1612 1330 etiam
1651 1275 1793 1328 inter

99 1372 342 1441 singulos
399 1376 453 1424 et
508 1371 775 1423 unitatem
831 1367 1120 1421 seeundum
1169 1367 1579 1435 proportionem
1627 1365 1795 1418 conti-

98 1479 263 1513 nuam
302 1461 730 1529 interponentur.

211 1547 333 1602 Sint
372 1549 477 1601 duo
516 1548 726 1600 numeri
765 1547 907 1599 inter
948 1564 1004 1598 se
1044 1544 1207 1614 primi
1233 1549 1299 1609 A,
1324 1547 1387 1612 Β,
1428 1546 1482 1596 et
1520 1543 1665 1596 inter
1700 1560 1792 1597 eos

101 1637 394 1690 seeundum
449 1637 860 1705 proportionem
907 1635 1220 1687 continuam
1268 1633 1686 1701 interponantur
1732 1634 1795 1701 Γ,

103 1731 172 1794 A,
211 1729 535 1794 elz-ponatur
574 1725 753 1777 unitas
796 1727 849 1777 Ε.
905 1723 1040 1792 dieo,
1079 1725 1210 1792 quot
1247 1722 1392 1775 inter
1424 1725 1488 1786 A,
1523 1724 1568 1774 Β
1610 1739 1795 1774 secun-

101 1814 228 1866 dum
283 1804 690 1883 proportionem
738 1813 1047 1866 continuam
1100 1812 1516 1879 interponantur
1569 1810 1795 1875 numeri,

100 1902 325 1955 totidem
366 1904 531 1956 etiam
561 1904 704 1955 inter
744 1902 988 1971 singulos
1022 1905 1088 1970 A,
1120 1903 1167 1952 Β
1209 1903 1263 1952 et
1301 1901 1572 1953 unitatem
1613 1917 1797 1952 seeun-

103 1990 229 2043 dum
267 1992 676 2060 proportionem
715 1991 1027 2044 continuam
1066 1989 1450 2057 interpositum
1489 1989 1571 2043 iri.

218 2085 499 2133 sumantur
548 2081 691 2132 enim
733 2079 837 2132 duo
877 2079 1090 2131 numeri
1129 2079 1343 2131 minimi
1381 2079 1439 2131 in
1477 2078 1688 2131 ratione
1729 2083 1797 2147 A,

104 2169 165 2235 Γ,
192 2172 262 2236 A,
287 2171 333 2220 B
373 2186 717 2221 numerorum
744 2171 804 2236 Z,
828 2170 900 2235 H,
938 2170 1048 2219 tres
1089 2170 1268 2220 autem
1300 2170 1362 2237 Θ,
1387 2170 1455 2236 Κ,
1479 2171 1532 2220 Λ
1571 2170 1626 2219 et
1658 2185 1795 2219 sem-

106 2274 202 2324 per
239 2256 491 2325 deinceps
531 2275 640 2310 uno
679 2256 884 2325 plureS,
931 2255 1099 2309 donee
1138 2256 1237 2308 fiat
1276 2255 1567 2309 multitudo
1609 2273 1796 2309 eorum

106 2344 439 2399 multitudini
478 2364 824 2399 numerorum
859 2349 925 2414 A,
950 2346 1010 2413 Γ,
1037 2349 1105 2414 A,
1130 2348 1177 2397 Β
1219 2344 1461 2415 aequalis
1503 2346 1678 2414 [prop.
1701 2343 1796 2412 II].

107 2438 389 2494 sumantur
438 2439 493 2488 et
544 2436 654 2488 sint
706 2438 791 2503 M,
843 2437 921 2503 N,
972 2433 1038 2501 Ξ,
1092 2436 1152 2487 Ο.
1229 2434 1579 2488 manifestum
1630 2434 1798 2503 igitur

109 2665 201 2695 ·σιν
232 2647 428 2711 ἀριθμοὶ
459 2650 583 2714 ὅσοι]
616 2655 662 2699 in
696 2669 784 2699 rae.
818 2670 877 2700 m.
914 2661 935 2699 1
970 2655 1022 2699 Β.
1133 2660 1200 2700 12.
1236 2651 1526 2712 ἐμπίπτωσιν
1549 2655 1599 2700 P.
1724 2661 1794 2701 14.

112 2710 314 2771 μεταξύ]
350 2710 456 2771 ἑξῆς
485 2711 661 2771 μεταξύ
686 2715 850 2760 Theon
874 2714 1059 2772 (BVnp).
1152 2719 1222 2759 24.
1255 2714 1374 2772 τῶν]
1410 2729 1525 2759 corr.
1553 2728 1608 2759 ex
1631 2711 1715 2759 τόν
1739 2714 1793 2759 V.
