1988 3152
499 22 960 66 ELEMENTORUM
988 23 1171 64 LIBER
1201 23 1280 67 IX.
1644 20 1751 74 397

7 205 15 214 ,
169 162 297 197 nam
347 143 602 213 quoniam
641 146 751 195 AB
797 142 975 211 impar
1021 143 1125 210 est,
1174 140 1526 194 subtrahatur
1571 141 1752 195 unitas

14 252 17 259 ·
58 238 185 288 BA.
261 234 443 302 itaque
490 231 727 300 reliquus
768 235 887 284 AA
932 249 1034 300 par
1079 233 1177 284 est.
1257 230 1446 294 eadem
1487 229 1551 283 de
1591 247 1755 283 causa

61 324 226 377 etiam
264 325 370 376 ΓΔ
406 340 506 390 par
547 324 630 374 est
670 319 799 388 [VII
838 319 938 372 def.
983 318 1104 390 7].1)
1168 334 1317 391 ergo*
1342 320 1506 373 etiam
1546 319 1639 389 qui
1677 337 1754 372 re-

58 412 347 481 linquitur,
394 413 495 464 ΓΑ
540 429 640 479 par
689 412 772 462 est
812 410 986 477 [prop.
1024 408 1259 478 XXIV];
1316 410 1459 478 quod
1508 411 1625 462 erat
1664 409 1754 463 de—

60 500 487 554 monstrandum.

788 601 1015 658 XXVII.

169 706 228 761 Si
267 726 299 760 a
337 725 561 760 numero
601 707 799 775 impari
837 725 939 775 par
979 707 1333 776 subtrahitur,
1374 707 1613 777 reliquus
1654 705 1752 759 im-

57 817 156 869 par
194 797 310 850 erit.
1102 848 1111 853 1

172 885 316 939 Nam
365 904 398 938 a
442 903 666 939 numero
715 885 914 954 impari
951 890 1062 939 AB
1108 905 1208 956 par
1248 885 1598 939 subtrahatur
1637 887 1755 938 ΒΓ.

57 975 191 1043 dico,
231 975 500 1044 reliquum
539 977 640 1027 ΓΑ
678 975 943 1044 imparem
985 994 1117 1030 esse.

0 1182 7 1211 ι
509 1156 546 1194 A
609 1155 652 1195 A
968 1107 1014 1196 ἑ
1248 1107 1284 1195 ὲ

0 1214 6 1275 ἱ

0 1278 5 1296 .

0 1318 2 1337 ἱ
170 1275 294 1310 nam
335 1256 691 1310 subtrahatur
728 1259 910 1311 unitas
950 1263 1004 1311 A
1013 1263 1081 1311 A.
1160 1259 1342 1328 itaque
1383 1262 1439 1310 A
1448 1261 1495 1310 Β
1534 1276 1635 1326 par
1675 1259 1756 1310 est

0 1349 4 1402 ἓ
58 1345 187 1412 [VII
225 1345 326 1399 def.
369 1347 437 1412 7].
507 1365 697 1399 uerum
738 1348 903 1401 etiam
942 1350 1053 1401 ΒΓ
1084 1367 1185 1418 par
1226 1350 1322 1400 est.
1385 1365 1548 1416 quare
1590 1347 1755 1399 etiam

57 1435 298 1504 reliquus
338 1437 443 1488 ΓΔ
488 1455 587 1505 par
635 1438 718 1488 est
758 1439 931 1506 [prop.
961 1435 1186 1503 XXIV].
1264 1453 1392 1506 ergo
1432 1438 1533 1489 ΓΑ
1579 1436 1755 1504 impar

58 1526 143 1576 est
183 1523 312 1590 [VII
351 1523 454 1576 def.
498 1525 575 1593 7];
615 1525 758 1593 quod
796 1529 912 1578 erat
951 1525 1448 1579 demonstrandum.

773 1671 1030 1727 XXVIII.

169 1774 226 1828 Si
274 1794 527 1829 numerus
579 1777 758 1845 impar
806 1795 992 1846 parem
1043 1777 1417 1847 multiplicans
1469 1795 1753 1830 numerum

56 1864 289 1932 aliquem
329 1864 586 1934 effecerit,
615 1883 872 1918 numerus
911 1867 1206 1935 productus
1245 1885 1345 1936 par
1384 1867 1500 1920 erit.

56 1956 294 1995 ¹——³A
675 1954 822 2008 Nam
868 1955 1046 2024 impar
1084 1974 1343 2008 numerus
1388 1961 1439 2010 A
1478 1974 1667 2025 parem
1707 1960 1754 2010 Β

53 2044 390 2085 ¹——-—³B
601 2043 970 2112 multiplicans
989 2063 1271 2098 numerum
1293 2046 1348 2098 Γ
1365 2044 1579 2099 efficiat.
1620 2045 1755 2115 dieo,

56 2146 62 2174 ¹
466 2133 527 2174 Τ
593 2151 877 2186 numerum
915 2135 968 2186 Γ
998 2152 1185 2202 parem
1225 2152 1358 2188 esse.

168 2242 295 2277 nam
330 2223 588 2293 quoniam
627 2228 680 2275 A
704 2234 776 2279 ><
801 2226 848 2275 B
875 2248 945 2266 =
971 2226 1033 2292 Γ,
1062 2242 1317 2277 numerus
1350 2226 1405 2277 Γ
1429 2243 1493 2278 ex
1525 2226 1754 2279 totidem

58 2312 296 2365 numeris
320 2330 545 2365 numero
571 2315 618 2364 Β
644 2312 963 2381 aequalibus
989 2315 1322 2383 compositus
1349 2316 1447 2385 est,
1472 2318 1606 2385 quot
1630 2319 1757 2369 sunt

58 2402 296 2480 unitates
330 2402 388 2454 in
419 2406 472 2454 A
505 2401 632 2468 [VII
657 2401 759 2454 def.
788 2401 894 2468 15].
965 2405 1018 2455 et
1049 2406 1096 2455 Β
1128 2421 1228 2471 par
1253 2407 1349 2457 est.
1412 2406 1467 2456 Γ
1489 2405 1659 2475 igitur
1692 2424 1756 2459 ex

58 2491 282 2559 paribus
332 2490 666 2559 compositus
717 2495 813 2544 est.
893 2490 977 2544 sin
1023 2492 1294 2562 quotlibet
1339 2495 1549 2548 numeri
1594 2514 1754 2564 pares

59 2583 473 2649 componuntur,
521 2584 671 2634 totus
710 2598 813 2649 par
852 2583 935 2633 est
976 2582 1146 2651 [prop.
1179 2581 1345 2649 XXIJ.
1410 2602 1539 2655 ergo
1572 2587 1626 2638 Γ
1658 2603 1757 2653 par

58 2673 162 2738 est3
202 2669 344 2738 quod
383 2676 498 2724 erat
538 2669 1031 2725 demonstrandum.

180 2818 224 2872 1)
256 2814 379 2861 Nam
410 2816 762 2874 supposuimus,
799 2819 881 2860 ΓΒ
914 2816 1142 2874 imparem
1175 2832 1289 2864 esse.
