1988 3152
233 87 342 141 378
852 88 1188 131 ΣΤΟΙΧΕΙΩΝ
1217 90 1256 132 θ
1265 87 1292 132 ’.

233 205 377 273 ἅπαξ
423 204 533 262 ὑπὸ
582 211 720 275 ΔΕ,
752 210 857 259 ΕΖ
905 204 1044 277 πρὸς
1088 204 1188 261 τὸν
1234 203 1344 262 ὑπὸ
1387 212 1525 283 ΔΕ,
1559 212 1662 260 ΕΖ
1713 209 1928 277 πρῶτοί

234 299 393 351 εἰσιν.
474 299 552 349 ε”τι
593 293 834 348 διελόντι
882 296 940 348 οἱ
983 292 1090 349 ἀπὸ
1129 297 1243 350 τῶν
1298 299 1436 365 ΛΕ,
1469 300 1573 350 ΕΖ
1628 293 1736 366 ἄρα
1789 294 1926 366 πρὸς

232 383 332 440 τὸν
378 381 488 438 ὑπὸ
539 389 677 453 ΔΕ,
717 388 822 437 ΕΖ
876 385 1091 454 πρῶτοί
1139 386 1297 438 εἰσιν.
1381 387 1479 438 καί
1531 386 1679 438 ἐστιν
1735 381 1764 438 6
1820 384 1922 454 μὲν

233 471 340 528 ἀπὸ
387 474 491 527 τοῦ
529 478 647 526 ΔΕ
683 469 712 526 6
752 479 830 541 A,
880 469 909 526 6
961 470 1022 526 δὲ
1061 469 1170 526 ὑπὸ
1210 474 1322 526 τῶν
1371 477 1508 542 ΔΕ,
1540 477 1645 526 ΕΖ
1694 469 1723 527 6
1771 478 1844 543 B,
1894 470 1922 527 6

176 576 204 616 5
238 560 298 616 δὲ
339 558 448 616 ἀπὸ
487 564 587 616 τοῦ
628 567 731 615 ΕΖ
771 557 800 615 6
842 565 902 616 Γ.
965 562 1023 614 οἱ
1058 567 1137 630 A,
1170 565 1224 614 Γ
1254 558 1365 629 ἄρά
1398 561 1758 625 συντεθέντες
1789 559 1926 630 πρὸς

232 648 331 704 τὸν
371 655 418 704 Β
458 653 673 721 πρῶτοί
707 652 874 704 εἰσιν·
916 648 1053 721 ὅπερ
1094 652 1205 704 ἔδει
1248 650 1436 714 δεῖξαι.

1035 810 1126 868 ις’.

337 925 486 984 Ἐὰν
542 928 670 1003 δύο.
718 927 998 1001 ἀριθμοὶ
1060 932 1307 1001 πρῶτοι
1372 928 1533 998 πρὸς
1596 927 1925 1001 ἀλλήλους

233 1011 421 1088 οἶσιν,
462 1014 580 1073 οὐκ
620 1022 802 1072 ἔσται
843 1015 925 1083 ὡς
965 1015 994 1072 6
1035 1021 1289 1090 πρῶτος
1328 1017 1492 1089 πρὸς
1537 1017 1650 1073 τὸν
1699 1017 1924 1074 δεύτε-

143 1125 200 1165 10
233 1128 376 1179 ρον,
419 1105 628 1171 οὕτως
667 1103 696 1161 6
740 1105 1050 1178 δεύτερος
1090 1105 1253 1178 πρὸς
1293 1104 1496 1161 ἄλλον
1534 1106 1698 1161 τινά.

343 1194 470 1250 Δύο
510 1194 618 1266 γὰρ
659 1192 894 1268 ἀριθμοὶ
936 1198 995 1250 oc
1030 1203 1106 1266 A,
1140 1201 1186 1250 Β
1226 1198 1434 1267 πρῶτοι
1473 1193 1611 1267 πρὸς
1650 1193 1926 1266 ἀλλήλους

232 1287 500 1339 ἔστωσαν·
548 1285 717 1355 λέγω,
770 1282 856 1338 ὅτι
904 1282 1007 1339 οὐκ
1055 1287 1206 1339 ἔστιν
1256 1281 1331 1349 ὥς
1379 1281 1407 1339 6
1450 1292 1502 1339 A
1540 1281 1679 1355 πρὸς
1716 1282 1817 1338 τὸν
1857 1290 1922 1349 B,

232 1371 411 1438 οὕτως
451 1369 479 1428 6
521 1378 569 1427 Β
608 1371 746 1444 πρὸς
785 1371 961 1428 ἄλλον
1000 1372 1142 1429 τινά.

346 1463 416 1515 Εἰ
464 1458 572 1533 γὰρ
622 1461 894 1530 δυνατόν,
950 1465 1087 1517 ἔστω
1138 1458 1212 1527 ὡς
1260 1459 1289 1517 6
1340 1469 1392 1516 A
1439 1460 1577 1534 πρὸς
1622 1463 1722 1516 τὸν
1770 1467 1844 1532 Β,
1892 1460 1921 1516 6

142 1560 198 1599 15
231 1555 278 1604 B
325 1547 464 1619 πρὸς
509 1550 612 1604 τὸν
660 1553 720 1605 Γ.
797 1552 856 1604 οἰ
898 1549 960 1604 δὲ
1005 1557 1084 1619 A,
1117 1556 1164 1604 Β
1211 1552 1445 1621 πρῶτοι,
1503 1552 1560 1604 οἱ
1606 1549 1666 1605 δὲ
1713 1553 1923 1621 πρῶτοι

229 1638 321 1693 καὶ
362 1637 665 1710 ἐλάχιστοι,
708 1639 766 1692 οῖ
802 1636 863 1693 δὲ
903 1638 1180 1710 ἐλάχιστοι
1221 1636 1457 1710 ἀριθμοὶ
1497 1641 1760 1709 μετροῦσι
1792 1637 1924 1703 τοὺς

229 1726 330 1782 τὸν
378 1724 552 1782 αὐτὸν
599 1725 772 1797 λόγον
813 1731 1039 1798 ἔχοντας
1080 1727 1260 1793 ἰσάκις
1307 1727 1339 1782 6'
1378 1748 1435 1782 τε
1474 1725 1792 1798 ἡγούμενος
1822 1725 1923 1782 τὸν

230 1812 549 1886 ἡγούμενον
587 1815 680 1870 καὶ
721 1813 749 1870 6
793 1815 1062 1886 ἑπόμενος
1101 1815 1201 1872 τὸν
1241 1815 1540 1886 ἑπόμενον·
1589 1826 1777 1887 μετρεῖ
1813 1815 1923 1887 ἄρα

231 1903 260 1959 6
301 1909 357 1958 A
395 1902 497 1959 τὸν
530 1909 577 1959 Β
618 1901 694 1969 ὥς
731 1901 1043 1975 ἡγούμενος
1080 1902 1414 1976 ἡγούμενον.
1491 1915 1679 1976 μετρεῖ
1723 1902 1784 1959 δὲ
1830 1894 1923 1958 καὶ

138 2011 199 2050 20
232 1992 456 2048 ἑαυτόν·
505 1990 534 2048 6
585 2000 637 2047 A
682 1991 790 2063 ἄρα
837 1991 970 2058 τοὺς
1009 1999 1086 2064 A,
1119 1999 1166 2048 Β
1208 2003 1394 2065 μετρεῖ
1444 1991 1700 2065 πρώτους
1757 1990 1923 2057 ὄντας

229 2079 368 2153 πρὸς
400 2078 696 2153 ἀλλήλους·
739 2082 875 2153 ὅπερ
909 2082 1134 2138 ἄτοπον.
1199 2080 1302 2138 οὐκ
1342 2080 1451 2154 ἄρα
1492 2085 1641 2135 ἔσται
1683 2077 1758 2145 ὡς
1798 2077 1826 2134 6
1869 2087 1922 2135 A

228 2168 369 2242 πρὸς
406 2169 507 2226 τὸν
546 2176 610 2242 Β,
651 2168 829 2235 οὕτως
869 2170 897 2226 6
934 2177 980 2226 Β
1013 2170 1153 2243 πρὸς
1185 2170 1284 2226 τὸν
1309 2175 1376 2226 Γ·
1418 2169 1554 2242 ὅπερ
1588 2172 1700 2223 ἔδει
1733 2169 1921 2235 δεῖξαι.

1034 2333 1122 2400 ιζ’.

337 2447 483 2504 Ἐὰν
525 2442 688 2505 αἷσιν
729 2447 1226 2521 ὁσοιδηποτοῦν
1266 2448 1548 2520 ἀριθμοὶ
1589 2450 1733 2520 ἑξῆς
1766 2448 1921 2504 ἀνά-

349 2631 391 2672 1.
415 2623 539 2684 ὑπό]
563 2623 656 2671 ὑπὸ
676 2628 768 2672 τῶν
785 2627 872 2700 Vq)
893 2629 1012 2686 (bis).
1088 2625 1272 2685 πρῶτός
1290 2624 1415 2672 ἐστιν
1434 2626 1574 2699 chq.
1655 2632 1695 2671 2.
1722 2624 1793 2684 οἵ]
1822 2623 1846 2670 ὁ
1875 2642 1919 2682 q.

231 2691 272 2732 3.
304 2682 399 2730 ὑπὸ
433 2686 527 2730 τῶν
549 2686 605 2730 V.
667 2684 849 2741 πρῶτός
883 2686 979 2733 ἐστι
1012 2689 1098 2744 ch
1063 2703 1152 2745 cp.q
1246 2694 1286 2731 5.
1319 2683 1444 2744 από]
1478 2683 1571 2731 υπό
1603 2687 1707 2742 Βφ,
1741 2686 1783 2730 V
1806 2701 1866 2730 m.
1896 2692 1918 2729 1

231 2748 364 2800 (corr.
397 2761 457 2789 m.
492 2749 550 2800 2).
650 2747 763 2804 τοῦ]
800 2748 891 2790 τῶν
924 2747 1028 2802 Vq).
1138 2752 1177 2793 7.
1211 2743 1281 2790 ις’
1295 2746 1312 2804 ]
1344 2746 1454 2789 hinc
1484 2760 1638 2790 rursus
1672 2745 1838 2802 incipit
1868 2745 1919 2790 F.

231 2808 271 2848 8.
305 2801 420 2862 δύο]
447 2819 507 2849 111.
535 2810 559 2849 2
585 2803 633 2849 F.
730 2810 796 2849 14.
831 2802 901 2878 6]
917 2805 1079 2874 (prius)
1103 2802 1132 2862 ἡ
1159 2824 1194 2862 φ
1222 2807 1330 2862 (11011
1356 2806 1424 2861 F).
1521 2810 1588 2849 17.
1618 2803 1810 2860 ἔχοντας
1833 2820 1919 2847 αυ-

228 2868 325 2914 τοῖς
356 2863 411 2909 V.
549 2858 576 2908 ὅ
607 2880 657 2909 τε
682 2889 739 2897 -—
767 2869 842 2909 18:
878 2862 1138 2924 ἑπόμενον]
1172 2879 1261 2910 om.
1295 2864 1456 2908 Theon
1488 2863 1710 2920 (BFVq).
1850 2866 1917 2909 18.
