1988 3152
32 1065 171 1114 '10

116 1516 169 1556 15

111 2084 170 2125 20

207 145 316 199 206
833 145 1170 188 ΣΤοΙΧΕΙΩΝ
1201 142 1258 199 ζ’.

305 260 371 318 Ὃ
415 263 525 335 γὰρ
574 263 741 333 μέρος
788 264 939 318 ἐστὶν
986 262 1016 318 6
1057 269 1174 317 AE
1206 265 1309 317 τοῦ
1351 267 1477 331 ΓΖ,
1523 261 1586 318 τὸ
1635 261 1772 319 αὐτὸ
1814 265 1905 334 μέ-

207 375 303 424 ρος
357 356 495 406 ἔστω
549 351 642 405 καὶ
698 350 728 406 6
785 356 890 406 ΕΒ
936 355 1038 406 τοῦ
1088 356 1214 406 ΓΗ.
1306 350 1399 404 καὶ
1454 352 1594 421 ἐπεί,
1650 350 1680 407 3
1737 354 1905 424 μέρος

208 441 359 497 ἐστὶν
400 439 430 495 6
471 445 589 494 ΑΕ
622 442 724 494 τοῦ
764 444 890 509 ΓΖ,
930 439 992 494 τὸ
1035 437 1172 495 αὐτὸ
1213 440 1380 510 μέρος
1418 439 1532 495 ἐστὶ
1579 442 1672 496 καὶ
1720 439 1750 497 6
1799 447 1904 498 ΕΒ

205 533 308 584 τοῦ
349 533 487 598 ΓΗ,
530 525 560 583 3
600 527 712 600 ἄρα
751 529 917 600 μέρος
957 528 1109 583 ἐστὶν
1148 527 1178 584 6
1219 534 1335 583 AE
1369 531 1471 583 τοῦ
1503 533 1629 599 ΓΖ,
1667 530 1730 585 τὸ
1765 527 1903 585 αὐτὸ

206 618 373 689 μέρος
420 616 535 672 ἐστὶ
581 616 673 670 καὶ
722 615 752 671 6
800 621 911 670 AB
949 620 1052 671 τοῦ
1091 622 1220 673 ΗΖ.
1291 614 1322 671 3
1371 615 1433 671 δὲ
1481 620 1642 689 μέρος
1682 618 1832 674 ἐστὶν
1873 618 1902 674 6

203 711 320 760 AE
369 708 471 760 τοῦ
527 709 653 774 ΓΖ,
704 703 765 759 τὸ
823 703 960 760 αὐτὸ
1017 707 1182 777 μέρος
1233 702 1523 760 ὑπόκειται
1570 707 1661 761 καὶ
1716 704 1740 762 ἶ
1794 713 1903 761 ΑΒ

202 797 305 849 τοῦ
354 798 478 849 ΓΔ·
536 791 567 849 3
615 792 726 865 ἄρα
774 794 940 866 μέρος
987 794 1101 849 ἐστὶ
1147 794 1239 848 καὶ
1289 794 1319 849 6
1367 799 1477 848 AB
1516 798 1618 850 τοῦ
1657 800 1793 864 ΗΖ,
1840 795 1902 850 τὸ

204 880 341 938 αὐτὸ
391 883 558 954 μέρος
605 882 719 937 ἐστὶ
765 882 858 936 καὶ
897 885 999 937 τοῦ
1039 887 1164 937 ΓΔ·
1213 890 1334 948 ἴσος
1372 882 1482 954 ἄρα
1529 883 1680 939 ἐστὶν
1720 882 1750 938 6
1790 888 1853 937 H
1861 889 1903 936 Z

203 974 279 1047 τῷ
322 975 439 1027 ΓΔ.
515 969 709 1036 κοινὸς
748 969 1067 1043 ἀφῃρήσθω
1108 968 1138 1026 ὅ
1181 975 1304 1026 ΓΖ·
1345 970 1538 1037 λοιπὸς
1577 970 1687 1043 ἄρα
1727 969 1757 1027 6
1791 976 1912 1026 ΗΓ

203 1066 378 1135 λοιπῷ
426 1062 504 1135 τῷ
554 1065 665 1114 ΖΔ
712 1061 864 1115 ἐστιν
916 1066 1049 1125 ἴσος.
1125 1060 1219 1115 καὶ
1266 1062 1408 1128 ἐπεί,
1459 1057 1488 1115 3
1539 1061 1705 1133 μέρος
1752 1061 1904 1115 ἐστὶν

204 1146 234 1204 6
281 1155 398 1204 AE
440 1151 542 1203 τοῦ
590 1153 716 1219 ΓΖ,
762 1147 825 1204 τὸ
868 1145 1005 1203 αὐτὸ
1046 1149 1212 1220 μέρος
1251 1149 1412 1219 [ἐστὶ]
1453 1148 1546 1203 καὶ
1586 1146 1616 1204 6
1656 1153 1762 1203 ΕΒ
1802 1151 1902 1204 τοῦ

201 1241 338 1307 ΗΓ,
394 1244 516 1302 ἴσος
563 1237 624 1293 δὲ
672 1235 702 1293 6
751 1241 874 1293 ΗΓ
910 1240 986 1314 τῷ
1040 1243 1177 1307 ΖΔ,
1225 1234 1256 1293 3
1304 1236 1415 1310 ἄρα
1467 1237 1632 1310 μέρος
1679 1236 1830 1292 ἐστὶν
1871 1234 1901 1292 6

200 1331 319 1380 AE
351 1329 454 1381 τοῦ
494 1330 620 1395 ΓΖ,
658 1325 721 1381 τὸ
763 1323 902 1382 αὐτὸ
944 1326 1111 1398 μέρος
1149 1327 1263 1382 ἐστὶ
1301 1326 1394 1381 καὶ
1435 1326 1464 1381 6
1507 1331 1612 1381 ΕΒ
1642 1330 1744 1382 τοῦ
1778 1332 1903 1381 ΖΔ.

203 1412 343 1469 ἀλλὰ
399 1411 429 1469 3
482 1415 648 1487 μέρος
696 1415 846 1470 ἐστὶν
896 1411 925 1470 6
973 1421 1090 1470 AE
1124 1418 1226 1471 τοῦ
1268 1419 1393 1483 ΓΖ,
1443 1414 1506 1470 τὸ
1549 1413 1687 1470 αὐτὸ
1737 1415 1902 1486 μέρος

203 1502 318 1558 ἐστὶ
355 1503 448 1558 καὶ
489 1499 519 1557 6
559 1507 670 1557 AB
709 1506 811 1558 τοῦ
844 1507 969 1558 ΓΔ·
1008 1504 1101 1558 καὶ
1135 1504 1326 1570 λοιπὸς
1358 1503 1467 1577 ἄρα
1500 1501 1530 1561 6
1565 1509 1669 1559 ΕΒ
1701 1507 1901 1558 λοιποῦ

200 1594 303 1646 τοῦ
343 1597 458 1645 ΖΔ
494 1588 557 1646 τὸ
598 1588 737 1646 αὐτὸ
778 1592 943 1663 μέρος
982 1594 1160 1663 ἐστίν,
1201 1591 1338 1665 ὅπερ
1381 1591 1511 1658 ὅλος
1550 1590 1579 1648 6
1620 1598 1731 1647 AB
1764 1590 1902 1648 ὅλου

201 1683 302 1735 τοῦ
344 1684 469 1735 ΓΔ·
511 1677 647 1753 ὅπερ
689 1683 800 1735 ἔδει
841 1682 1031 1747 δεῖξαι.

1014 1881 1046 1929 η
1076 1901 1087 1912 .

308 1973 453 2029 Ἐὰν
494 1972 783 2045 ἀριθμὸς
829 1973 1126 2047 ἀριθμοῦ
1174 1977 1334 2048 μέρη
1382 1970 1446 2049 ᾗ,
1498 1974 1660 2047 ἅπερ
1701 1972 1897 2047 ἄφαι-
1952 1982 1954 1985 ’

204 2063 430 2134 ρεθεὶς
469 2061 982 2135 ἀφαιρεθέντος,
1020 2063 1128 2119 καὶ
1169 2062 1198 2119 6
1239 2063 1469 2130 λοιπὸς
1507 2067 1622 2119 τοῦ
1663 2068 1898 2119 λοιποῦ

198 2150 272 2207 τὰ
315 2150 478 2207 αὐτὰ
517 2152 676 2223 μέρη
718 2156 926 2222 ἔσται,
966 2150 1127 2223 ἅπερ
1169 2149 1199 2208 6
1242 2150 1395 2218 ὅλος
1430 2156 1548 2208 τοῦ
1590 2151 1763 2208 ὅλου.

306 2239 572 2312 Ἀριθμὸς
611 2239 720 2313 γὰρ
761 2239 791 2296 6
833 2247 941 2296 AB
982 2239 1233 2313 ἀριθμοῦ
1271 2244 1374 2296 τοῦ
1412 2245 1465 2296 Γ
1460 2247 1515 2295 Δ
1560 2242 1698 2312 μέρη
1740 2245 1898 2311 ἔστω,

199 2326 340 2401 ἅπερ
381 2327 710 2400 ἀφαιρεθεὶς
750 2327 779 2384 6
821 2335 933 2384 ΑΕ
970 2327 1380 2402 ἀφαιρεθέντος
1417 2333 1518 2385 τοῦ
1567 2334 1687 2384 ΓΖ·
1736 2332 1897 2401 λέγω,

319 2511 358 2551 7.
395 2504 519 2550 ἐστίν
552 2507 659 2563 ΡΒ,
691 2522 840 2565 comp.
874 2523 919 2565 p.
1027 2508 1149 2580 ΗΖ]
1183 2522 1298 2552 corr.
1332 2521 1387 2552 ex
1419 2509 1608 2553 Hs'm.
1644 2513 1666 2551 1
1701 2507 1750 2552 F.
1854 2512 1896 2553 8.

198 2566 304 2621 καί]
340 2565 423 2609 καὶ
455 2563 479 2610 ὁ
513 2571 595 2610 AB
629 2568 793 2611 Theon
825 2567 1071 2639 (BFVp);
1100 2564 1125 2611 6
1167 2571 1250 2611 AB
1290 2567 1394 2611 add.
1419 2567 1468 2610 in
1507 2581 1599 2623 mg.
1633 2582 1693 2611 m.
1727 2580 1817 2611 rec.
1844 2566 1894 2612 P.

197 2625 312 2669 Posiz
351 2626 436 2668 ΓΔ
474 2625 579 2669 add.
619 2625 800 2671 Theon:
851 2623 875 2670 6
916 2630 1001 2670 AB
1041 2623 1135 2684 ἄρα
1177 2624 1404 2681 ἑκατέρου
1444 2625 1537 2669 τῶν
1580 2629 1690 2680 ΗΖ,
1727 2629 1809 2670 ΓΔ
1840 2622 1893 2669 τὸ
1976 2613 1988 2660 ’ἶ

198 2680 316 2727 αὐτὸ
353 2682 492 2739 μέρος
526 2681 650 2728 ἐστίν
684 2685 918 2743 (BFVp);
955 2685 1083 2730 idem
1113 2686 1172 2740 Ρ,
1212 2699 1306 2742 mg.
1338 2700 1398 2730 m.
1438 2699 1528 2729 rec.
1652 2686 1770 2743 ΗΖ]
1805 2687 1899 2728 ΖΗ
1981 2715 1988 2747 ,-

196 2742 290 2799 Vp.
369 2747 409 2786 9.
429 2743 663 2799 ›tombs-P,
689 2759 805 2790 corr.
822 2760 883 2790 m.
904 2750 926 2788 1
954 2749 1003 2789 et
1024 2744 1298 2812 insuperm.
1322 2758 1412 2788 rec.
1501 2749 1568 2789 10.
1597 2746 1694 2795 ἴσος
1719 2740 1820 2788 ἐστί
1840 2744 1892 2788 V.
1968 2755 1988 2796 '2³

260 2806 329 2845 11.
364 2799 487 2859 ἐστί]
521 2815 611 2846 om.
645 2779 694 2848 Ρ.
798 2809 865 2847 12.
902 2803 1023 2875 ΗΓ]
1060 2806 1105 2848 Γ
1130 2804 1179 2848 in
1210 2817 1298 2848 ras,
1331 2803 1381 2847 F.
1483 2803 1563 2861 δέ]
1597 2801 1649 2847 δὲ
1683 2804 1769 2847 καί
1794 2802 1894 2860 Vp.
1980 2817 1988 2830 ¹

198 2857 222 2905 6
257 2862 360 2904 ΗΓ
385 2861 448 2919 τῷ
484 2864 574 2905 ΔΖ
603 2861 639 2905 F
670 2862 719 2907 in
750 2876 839 2907 ras.
956 2859 1069 2921 ἄρα]
1105 2877 1192 2908 om.
1225 2862 1274 2907 F.
1385 2867 1452 2907 13.
1489 2859 1614 2907 ἐστίν
1645 2861 1696 2906 P.
1805 2864 1892 2905 ΕΒ

199 2921 283 2964 τοῦ
317 2907 432 2979 ΖΔ]
467 2924 548 2994 ΑΒ
581 2921 664 2966 τοῦ
701 2924 783 2965 ΓΔ
814 2921 870 2977 F,
906 2935 1020 2966 corr.
1054 2938 1112 2967 m.
1148 2928 1188 2966 2.
1292 2927 1358 2965 14.
1393 2917 1496 2966 ἀλλ’
1532 2922 1591 2978 Ρ,
1624 2934 1738 2966 corr.
1763 2935 1822 2964 m.
1852 2927 1891 2967 1.
1969 2923 1981 2936 ⁸
