1988 3152
143 590 169 631 5

121 1473 174 1513 15

120 1974 178 2016 20

124 2424 180 2464 25

200 110 273 164 60
831 108 1168 152 ΣΤοΙΧΕΙῼΝ
1199 104 1261 154 ε’.

306 225 456 284 Ἐπεὶ
494 225 600 298 γὰρ
641 224 828 297 μεῖζόν
869 227 984 282 ἐστι
1022 223 1085 280 τὸ
1125 232 1181 280 A
1216 228 1318 281 τοῦ
1358 229 1423 295 Γ,
1461 223 1598 280 ἄλλο
1641 226 1706 280 δέ
1740 245 1792 279 τι
1829 224 1882 280 τί

199 323 273 387 Β,
316 315 380 372 τὸ
421 323 475 370 Α
513 314 622 386 ἄρα
661 313 802 386 πρὸς
840 313 902 370 τὸ
943 320 991 370 Β
1029 318 1254 385 μείζονα
1292 313 1465 384 λόγον
1506 317 1615 385 ἔχει
1653 311 1793 385 ἥπερ
1831 310 1895 368 τὸ
1984 347 1988 390 j

1978 240 1988 337 i

199 409 252 460 Γ
283 402 423 475 πρὸς
459 401 523 459 τὸ
562 409 625 458 Β.
699 401 822 458 ἀλλ’
874 400 949 468 ὥς
987 402 1089 474 μὲν
1127 401 1181 458 τὲ
1232 410 1286 457 Α
1333 400 1470 473 πρὸς
1508 399 1572 457 τό
1612 407 1680 471 Β,
1719 399 1898 466 οὕτως
1982 446 1988 471 2

199 491 262 548 τὸ
305 498 357 547 Ε
397 489 539 562 πρὸς
583 489 647 547 τὸ
687 497 759 562 Ζ,
808 488 882 556 ὥς
928 490 991 547 δὲ
1028 490 1091 546 τὸ
1133 495 1187 546 Γ
1218 488 1357 563 πρὸς
1393 488 1456 545 τὸ
1497 497 1569 559 Β,
1615 488 1899 545 ἀνάπαλιν
1983 492 1988 522 ²·

203 578 380 646 οὕτως
428 579 491 634 τὸ
533 585 587 634 Ε
632 577 771 652 πρὸς
819 577 881 634 τὸ
924 586 994 635 A.
1074 579 1167 634 καὶ
1205 577 1269 634 τὸ
1310 584 1363 633 Ε
1406 576 1515 648 ἄρα
1561 576 1701 650 πρὸς
1748 575 1809 632 τὸ
1853 582 1901 631 Ζ

203 672 427 739 μείζονα
473 666 647 737 λόγον
695 670 805 738 ἔχει
849 667 989 739 ἥπερ
1037 665 1099 722 τὸ
1152 672 1205 721 Ε
1247 665 1387 738 πρὸς
1431 664 1494 720 τὸ
1537 672 1606 720 A.
1681 662 1820 736 πρὸς
1868 661 1898 719 ὃ
1979 666 1988 727 ἔ

204 755 266 812 δὲ
304 756 366 811 τὸ
409 752 548 811 αὐτὸ
588 759 811 826 μείζονα
851 754 1024 825 λόγον
1066 758 1194 827 ἔχει,
1234 756 1413 810 ἐκεῖνο
1455 752 1694 810 ἔλασσόν
1727 754 1901 809 ἐστιν·

205 848 443 900 ἔλασσον
484 841 593 915 ἄρα
634 843 751 899 ἐστὶ
788 843 850 898 τὸ
887 849 932 897 Ζ
971 846 1072 898 τοῦ
1106 850 1182 898 Δ·
1238 847 1423 914 μεῖζον
1463 841 1573 915 ἄρα
1606 841 1719 898 ἐστὶ
1750 842 1813 897 τὸ
1847 847 1902 895 A

203 934 307 989 τοῦ
340 938 399 989 Ζ.
463 929 670 1002 ὁμοίως
707 930 778 1002 δὴ
820 930 1153 1002 δείξομεν,
1133 929 1219 987 ότι
1256 953 1363 986 καν
1404 937 1528 986 ἴσον
1569 923 1602 1003 ἧ
1642 928 1705 986 τὸ
1738 937 1792 984 Α
1825 932 1902 1005 τῷ

121 1031 176 1072 10
209 1026 273 1093 Γ,
313 1027 441 1077 ἴσον
482 1023 635 1075 ἔσται
672 1018 766 1074 καὶ
803 1017 866 1075 τὸ
908 1025 965 1074 Δ
1002 1022 1077 1093 τῷ
1120 1025 1191 1090 Ζ,
1230 1015 1335 1075 κᾶν
1376 1022 1623 1088 ἔλαττον,
1663 1021 1904 1073 ἔλαττον

312 1107 443 1164 Ἐὰν
490 1106 600 1180 ἄρα
645 1101 681 1180 ᾖ
727 1111 854 1179 τρία
901 1111 1106 1179 μεγέθη
1154 1108 1247 1163 καὶ
1293 1106 1433 1162 ἄλλα
1481 1104 1672 1172 αὐτοῖς
1712 1112 1802 1161 ἴσα
1840 1106 1904 1161 τὸ
1979 1099 1988 1114 ’

205 1202 451 1270 πλῆθος,
500 1195 714 1252 σύνδυο
763 1195 1159 1268 λαμβανόμενα
1197 1201 1291 1251 καὶ
1331 1199 1391 1252 ἐν
1429 1198 1506 1271 τῷ
1547 1192 1697 1267 αὐτῷ
1736 1193 1905 1268 λόγῳ,
1976 1180 1988 1245 3}

206 1280 242 1360 ᾗ
293 1286 354 1342 δὲ
393 1285 767 1357 τεταραγμένη
809 1281 996 1340 αὐτῶν
1036 1282 1070 1356 ἡ
1111 1281 1410 1355 ἀναλογία,
1452 1281 1526 1339 δι’
1572 1291 1698 1339 ἴσου
1738 1282 1800 1339 δὲ
1838 1281 1901 1338 τὸ

207 1377 431 1447 πρῶτον
486 1376 589 1428 τοῦ
642 1378 833 1445 τρίτου
888 1378 1074 1444 μεῖζον
1128 1366 1190 1446 ᾖ,
1245 1373 1338 1428 καὶ
1384 1372 1446 1429 τὸ
1495 1373 1758 1443 τέταρτον
1804 1372 1904 1426 voi

209 1463 372 1518 ἕκτου
402 1467 590 1533 μεῖζον
623 1465 794 1532 ἔσται,
833 1457 939 1517 κᾶν
973 1467 1115 1533 ἴσον,
1155 1467 1299 1532 ἴσον,
1338 1457 1445 1516 κᾶν
1479 1465 1724 1528 ἔλαττον,
1758 1462 1908 1515 ἔλατ-

207 1567 329 1607 τον·
394 1547 529 1623 ὅπερ
572 1554 684 1605 ἔδει
725 1551 914 1617 δεῖξαι.

996 1681 1111 1752 κβ’.

316 1785 462 1842 Ἐὰν
516 1779 551 1858 ᾗ
610 1783 948 1841 ὁποσαοῦν
1003 1785 1248 1857 μεγέθη
1305 1784 1410 1839 καὶ
1465 1781 1629 1838 ἄλλα
1678 1779 1909 1848 αὐτοῖς

211 1882 318 1931 ἴσα
372 1874 441 1930 τὸ
497 1877 781 1946 πλῆθος,
844 1873 1097 1930 σύνδυο
1153 1871 1622 1945 λαμβανόμενα
1676 1870 1784 1926 καὶ
1841 1871 1908 1926 ἐν
1982 1910 1988 1930 ,

209 1966 292 2040 τῷ
334 1962 505 2039 αὐτῷ
544 1962 741 2038 λόγῳ,
781 1962 887 2017 καὶ
928 1960 1012 2018 δι’
1065 1969 1216 2018 ἴσου
1265 1964 1333 2018 ἐν
1380 1963 1464 2037 τῷ
1514 1957 1687 2034 αὐτῷ
1736 1957 1908 2033 λόγῳ
1984 1956 1988 1966 ”

211 2056 407 2108 ἔσταα

307 2139 489 2196 ’Έστω
530 2137 819 2195 ὁποσαοῦν
859 2138 1068 2210 μεγέθη
1107 2136 1173 2193 τὰ
1215 2144 1286 2208 Α,
1317 2143 1384 2207 Β,
1415 2140 1468 2191 Γ
1499 2135 1593 2192 καὶ
1631 2133 1774 2191 ἄλλα
1814 2131 1911 2190 αύ-

210 2239 328 2294 τοῖς
366 2235 458 2283 ἴσα
496 2228 559 2284 τὸ
598 2231 819 2299 πλῆθος
856 2227 923 2281 τὰ
955 2234 1027 2297 Δ,
1062 2232 1127 2296 Ε,
1162 2232 1224 2296 Ζ,
1264 2225 1479 2281 σύνδυο
1512 2224 1910 2295 λαμβανόμενα

213 2319 274 2374 ἐν
319 2320 394 2393 τῷ
443 2315 593 2394 αὐτῷ
640 2314 815 2390 λόγῳ,
868 2311 943 2379 ὥς
988 2313 1091 2385 μὲν
1138 2312 1199 2368 τὸ
1243 2320 1295 2367 A
1333 2309 1471 2384 πρὸς
1508 2308 1571 2365 τὸ
1611 2315 1685 2380 Β,
1734 2308 1912 2376 οὕτως

212 2405 274 2462 τὸ
317 2412 372 2461 A
410 2404 549 2478 πρὸς
586 2403 649 2461 τὸ
691 2410 758 2474 Ε,
799 2400 874 2468 ὡς
912 2401 974 2458 δὲ
1013 2401 1076 2458 τὸ
1103 2407 1150 2457 Β
1189 2400 1328 2474 πρὸς
1366 2399 1429 2457 τὸ
1454 2405 1519 2471 Γ,
1560 2397 1737 2465 οὕτως
1774 2397 1837 2454 τὸ
1863 2404 1917 2453 Ε

213 2493 352 2567 πρὸς
389 2493 451 2551 τὸ
494 2500 561 2549 Ζ·
609 2494 777 2565 λέγω,
818 2489 903 2548 ὅτι
949 2491 1041 2546 καὶ
1082 2488 1149 2546 δι’
1187 2496 1316 2546 ἴσου
1356 2490 1416 2545 ἐν
1455 2491 1531 2565 τῷ
1572 2485 1720 2562 αὐτῷ
1760 2485 1911 2562 λόγῳ

214 2587 380 2639 ἔσται.

334 2722 374 2762 2.
407 2715 475 2773 A]
509 2730 650 2773 supra.
679 2715 731 2759 P.
864 2717 900 2757 B
956 2727 1050 2769 seq.
1083 2725 1174 2757 ras.
1209 2717 1232 2756 1
1265 2711 1357 2756 litt.
1390 2710 1446 2755 V.
1579 2714 1618 2754 7.
1654 2703 1831 2766 ἐκεῖνο]
1865 2722 1912 2752 -ο

216 2776 323 2821 add.
357 2790 417 2819 m.
461 2781 482 2818 1
518 2790 563 2831 p.
681 2772 873 2818 ἔλαττον
944 2808 953 2818 .
1077 2775 1119 2818 8.
1154 2767 1372 2829 ἔλασσον]
1418 2783 1509 2813 om.
1542 2768 1601 2821 F;
1635 2763 1828 2812 ἔλαττον
1860 2766 1912 2810 Β.

277 2831 402 2892 ἐστι’]
436 2834 550 2890 (alt.)
573 2847 664 2878 om.
698 2832 797 2877 FV.
892 2836 932 2876 9.
964 2824 1027 2903 ᾖ]
1056 2845 1145 2875 om.
1171 2831 1222 2874 B.
1318 2834 1385 2874 10.
1412 2827 1520 2885 καί]
1548 2841 1638 2872 om.
1664 2825 1712 2872 F.
1776 2823 1910 2870 ἔλασ-

216 2908 325 2952 σον,
367 2893 562 2939 ἔλασσόν
609 2892 704 2949 Vp.
860 2895 927 2935 11.
977 2883 1034 2948 ᾖ]
1095 2903 1184 2935 om.
1241 2905 1290 2946 φ.
1443 2887 1552 2945 καί]
1603 2878 1632 2942 ᾖ
1679 2886 1766 2930 καί
1807 2884 1910 2930 FV.
