1988 3152
548 78 1009 122 ELEMENTORUM
1038 79 1220 120 LIBER
1249 79 1351 121 vn.
1699 76 1804 129 199

110 201 347 253 maxima
384 216 497 251 non
537 201 618 250 est
656 215 910 250 mensura
950 199 1274 265 communiS,
1313 215 1567 250 numerus
1609 197 1806 267 aliquis

110 290 286 342 maior
315 304 540 340 numero
574 289 627 338 E
653 304 909 339 numeros
943 292 1010 356 A,
1042 291 1106 355 Β,
1137 289 1190 339 Γ
1214 287 1483 341 metietur.
1551 286 1810 338 metia'nur

109 380 165 428 et
214 377 287 429 sit
334 379 393 428 Z.
473 379 527 427 et
567 375 823 444 quoniam
871 377 916 426 Z
962 393 1217 428 numeros
1273 381 1343 442 A,
1377 379 1442 443 Β,
1474 377 1527 428 Γ
1575 375 1811 443 metitur,

113 467 279 519 etiam
318 471 393 535 A,
425 469 472 518 Β
512 465 757 532 metitur3
806 481 970 533 quare
1011 465 1177 517 effiam
1224 466 1517 517 maximam
1561 481 1811 516 numero-

108 574 230 608 rum
276 561 351 624 A,
395 558 443 607 Β
492 572 802 606 mensuram
851 571 1193 606 communem
1241 553 1496 606 metietur
1545 555 1716 622 [prop.
1755 551 1811 605 II

109 644 335 711 coroll.].
420 661 610 696 uerum
660 659 1014 694 numerorum
1061 647 1136 710 A,
1175 646 1222 694 Β
1270 643 1507 695 maxima
1553 659 1811 695 mensura

109 732 408 786 communis
450 740 533 784 est
573 735 642 784 A.
722 734 766 782 Ζ
807 730 974 800 igitur
1008 734 1062 782 A
1102 730 1339 784 metitur.
1417 749 1606 783 uerum
1646 730 1812 783 eiciam

108 824 163 874 Γ
195 821 430 874 metitur.
503 824 548 872 Z
580 820 749 890 igitur
789 823 866 887 A,
899 821 951 871 Γ
989 819 1226 872 metitur.
1305 837 1469 888 quare
1510 819 1674 872 etiam
1715 838 1811 871 nu-

108 928 382 963 merorum
431 913 499 978 A,
531 911 585 962 Γ
632 909 925 961 maximam
973 925 1283 960 mensuram
1324 925 1663 961 communem
1702 926 1813 961 me-

110 999 260 1052 titur.
330 1017 519 1051 uerum
551 1016 899 1051 numerorum
932 1001 1002 1065 A,
1035 999 1088 1049 Γ
1111 997 1347 1049 maxima
1386 1015 1638 1050 mensura
1670 1015 1812 1050 com-

114 1087 295 1140 munis
353 1090 436 1140 est
491 1091 554 1141 E.
641 1090 685 1139 Z
733 1086 905 1156 igitur
944 1089 996 1137 E
1033 1086 1254 1138 messitur
1300 1085 1474 1139 maior
1524 1086 1813 1154 minorem3

113 1176 259 1245 quod
321 1176 436 1228 fieri
501 1193 613 1228 non
674 1177 871 1243 potest.
963 1174 1148 1242 itaque
1208 1192 1460 1227 numeros
1518 1178 1597 1243 A,
1644 1177 1720 1241 Β,
1768 1176 1821 1226 Γ

113 1283 224 1318 non
285 1265 542 1317 metietur
595 1281 851 1316 numerus
908 1263 1081 1315 maior
1134 1281 1359 1315 numero
1416 1267 1479 1316 E.
1572 1280 1701 1333 ergo
1766 1266 1819 1316 E

116 1355 355 1407 maxima
396 1356 479 1406 est
525 1353 823 1406 communis
865 1370 1120 1405 mensura
1159 1364 1510 1406 numerorum
1559 1356 1633 1421 A,
1665 1355 1712 1404 Β
1743 1354 1810 1422 Γ;

105 1443 249 1512 quod
290 1445 406 1495 erat
445 1439 983 1511 demonstrandum.1)

904 1603 998 1657 IV.

224 1694 407 1747 Minor
454 1711 711 1746 numerus
763 1693 985 1746 maioris
1034 1710 1247 1761 semper
1286 1696 1380 1744 aut
1432 1710 1558 1761 pars
1600 1695 1684 1745 esi]
1725 1695 1820 1745 aut

100 1787 299 1856 partes.

221 1873 344 1927 Sint
390 1872 495 1925 duo
547 1871 758 1924 numeri
795 1876 860 1940 A,
893 1873 1011 1936 ΒΓ,
1052 1874 1106 1923 et
1153 1870 1332 1924 minor
1373 1871 1446 1924 sit
1484 1854 1603 1924 ΒΓ.
1682 1870 1801 1924 dico

106 1964 219 2015 ΒΓ
258 1961 469 2014 numeri
504 1965 557 2012 A
598 1963 691 2012 auf,
730 1962 941 2029 partem
981 1963 1076 2012 aui:
1114 1962 1296 2028 partes
1338 1977 1471 2012 esse.

217 2069 346 2103 nam
383 2054 448 2117 A,
482 2051 594 2101 ΒΓ
625 2051 719 2101 aut
752 2049 913 2117 primi
949 2051 1076 2102 suni:
1106 2049 1249 2100 inter
1282 2066 1339 2100 se
1373 2051 1466 2102 aut
1497 2066 1608 2101 non
1638 2047 1816 2117 primi.

103 2140 261 2209 prius
310 2144 383 2206 A,
416 2140 526 2190 ΒΓ
570 2137 730 2206 primi
783 2138 893 2190 sini:
939 2138 1082 2190 inter
1129 2155 1200 2190 se.
1278 2135 1453 2190 diuiso
1502 2137 1672 2206 igiizur
1709 2139 1822 2190 ΒΓ

234 2314 276 2369 1)
310 2312 621 2369 Cfr.p.194,
666 2317 734 2357 12
797 2312 984 2369 proprie
1025 2326 1110 2356 neo
1149 2312 1304 2366 δεῖξαι
1342 2326 1429 2357 nec
1468 2312 1684 2368 ποιῆσαι,
1734 2313 1816 2358 sed.

110 2368 269 2427 εὑρεῖν
312 2371 561 2416 dicendum
594 2374 696 2415 erat
728 2371 943 2427 (Studien
975 2387 1020 2428 p.
1056 2373 1152 2428 62);
1192 2385 1301 2416 nam
1332 2386 1498 2439 propp.
1531 2371 1702 2415 ΙΙ-ΠΙ
1733 2388 1815 2416 πο-

113 2433 314 2488 ρίσματα
348 2431 456 2475 sunt
479 2430 558 2487 (ib.
585 2446 631 2487 p.
658 2432 748 2487 61).
810 2430 919 2475 inde
945 2432 1196 2475 consecuta
1220 2434 1293 2475 est
1315 2430 1517 2476 uariatio
1544 2431 1815 2489 scripturae.

103 2622 267 2667 habet:
316 2621 400 2667 τὸν
447 2619 595 2668 αυτὸν
641 2622 694 2669 δε
728 2621 903 2695 τρόπον
936 2623 1018 2667 καὶ
1049 2619 1282 2668 πλειόνων
1314 2618 1536 2695 ἀριθμῶν
1568 2623 1815 2670 δοθέντων

111 2678 164 2725 τὸ
197 2680 416 2738 μέγιστον
447 2679 611 2728 κοινὸν
645 2683 816 2741 μέτρον
849 2679 1124 2739 εὑρήσομεν.
1284 2687 1350 2727 15.
1375 2678 1535 2742 Ἅπας]
1570 2680 1615 2728 Ά
1655 2684 1817 2729 littera

114 2739 316 2785 initialis
350 2741 455 2786 add.
489 2758 550 2787 m.
584 2748 633 2798 2,
666 2744 720 2787 ut
750 2757 953 2809 semper
963 2742 1081 2797 fere,
1114 2741 1178 2796 V3
1221 2756 1336 2786 eras.
1372 2743 1428 2796 B3
1470 2743 1647 2788 habent
1677 2744 1815 2800 ΡΡφ

172 2805 241 2844 17.
276 2796 481 2845 ἐλάττων
514 2802 563 2846 F.
677 2806 743 2845 18.
777 2800 893 2856 λέγω
937 2796 1030 2905 ότοιί]
1063 2800 1114 2845 in
1151 2815 1240 2847 ras.
1284 2819 1334 2858 φ.
1431 2797 1454 2845 ὁ
1502 2806 1591 2846 ΒΓ
1625 2802 1708 2847 τοῦ
1757 2803 1813 2860 A]

113 2871 228 2903 eras.
269 2860 319 2903 F.
443 2864 514 2906 21.
547 2858 768 2916 πρότεροι
799 2860 854 2905 V.
1055 2865 1112 2917 A,
1146 2861 1262 2919 ΒΓ]
1298 2876 1389 2918 mg.
1425 2861 1479 2905 V.
