1988 3152
153 652 178 690 5

127 1094 180 1132 10

126 1540 179 1578 15

122 1988 179 2027 20

123 2433 180 2473 25

214 159 324 213 300
838 161 1175 204 ΣΤοΙΧΕΙῼΝ
1205 157 1272 216 η’.

314 276 374 333 Ὁ
413 285 468 332 A
513 277 620 348 γὰρ
665 277 768 333 τὸν
809 283 855 332 Ζ
893 278 1381 343 πολλαπλασιάσας
1426 277 1526 334 τὸν
1564 284 1611 333 Θ
1657 284 1900 348 ποιείτω,

212 366 469 437 ἑκάτερος
509 367 572 421 δὲ
612 369 728 422 τῶν
769 373 843 437 Δ,
877 372 923 421 Ζ
960 365 1061 422 τὸν
1100 373 1148 422 Θ
1184 367 1672 433 πολλαπλασιάσας
1719 367 1900 423 ἑκάτε-

212 477 315 523 ρον
353 457 466 510 τῶν
506 459 586 524 Κ,
620 459 672 509 Λ
710 459 950 510 ποιείτω.

322 543 435 597 Καὶ
475 545 597 598 ἐπεί
630 544 784 599 ἐστιν
823 541 897 608 ὡς
942 543 976 614 ἡ
1017 548 1072 599 Γ
1110 543 1286 615 μονὰς
1325 544 1464 618 πρὸς
1501 543 1604 600 τὸν
1644 551 1700 600 A
1738 543 1901 615 ἀριθ-

212 631 346 704 μόν,
387 631 567 696 οὕτως
606 629 635 686 6
680 639 734 686 A
771 630 914 705 πρὸς
949 631 1051 687 τὸν
1090 638 1158 702 Ε,
1199 634 1380 698 ἰσάκις
1417 632 1529 705 ἄρα
1567 631 1602 704 ἡ
1642 639 1696 688 Γ
1727 631 1902 703 μονὰς

209 719 311 777 τὸν
353 727 407 775 A
446 717 698 791 ἀριθμὸν
737 732 925 792 μετρεῖ
957 721 1051 775 καὶ
1092 718 1121 776 6
1163 728 1219 776 A
1256 721 1356 777 τὸν
1394 728 1459 777 Ε.
1535 720 1570 792 ἡ
1612 721 1674 777 δὲ
1712 726 1765 776 Γ
1805 743 1900 792 μο-

210 809 314 875 νὰς
358 808 459 865 τὸν
508 815 564 863 A
610 806 859 880 ἀριθμὸν
914 820 1103 881 μετρεῖ
1144 807 1281 863 κατὰ
1327 809 1425 875 τὰς
1472 812 1532 865 ἐν
1578 813 1654 886 τῷ
1705 816 1759 863 A
1807 831 1899 880 μο-

210 897 410 962 νάδας·
449 897 542 952 καὶ
583 894 612 952 ὁ
656 904 711 951 A
750 895 860 968 ἄρα
900 894 1147 969 ἀριθμὸς
1184 896 1285 952 τὸν
1324 903 1377 952 Ε
1412 909 1603 969 μετρεῖ
1637 897 1774 952 κατὰ
1805 896 1904 963 τὰς

211 988 272 1042 ἐν
310 989 386 1059 τῷ
429 992 484 1040 A
523 985 793 1057 μονάδας·
842 983 870 1040 6
914 991 969 1040 A
1008 984 1117 1058 ἄρα
1166 984 1368 1041 ἑαυτὸν
1414 986 1904 1052 πολλαπλασιάσας

211 1073 313 1131 τὸν
351 1081 404 1130 Ε
439 1078 753 1145 πεποίηκεν.
829 1074 1016 1135 πάλιν,
1058 1075 1179 1129 ἐπεί
1213 1076 1363 1130 ἐστιν
1404 1072 1479 1140 ὡς
1516 1072 1551 1145 ἡ
1592 1080 1646 1131 Γ
1680 1074 1901 1146 [μονὰς]

210 1162 351 1235 πρὸς
387 1163 489 1219 τὸν
530 1170 585 1217 A
625 1161 894 1234 ἀριθμὸν,
934 1162 1112 1227 οὕτως
1152 1159 1182 1217 6
1225 1168 1277 1217 Ε
1310 1161 1449 1233 πρὸς
1478 1162 1581 1219 τὸν
1613 1171 1683 1233 Α,
1724 1164 1905 1228 ἰσάκις

211 1255 322 1325 ἄρα
376 1251 411 1324 ἡ
452 1257 506 1308 Γ
548 1251 724 1323 μονὰς
761 1250 861 1307 τὸν
903 1259 957 1306 A
996 1249 1247 1322 ἀριθμὸν
1286 1262 1475 1323 μετρεῖ
1509 1252 1602 1307 καὶ
1643 1251 1672 1308 ὁ
1714 1259 1766 1308 Ε
1800 1252 1902 1308 τὸν

212 1352 278 1399 A.
354 1341 388 1413 ἡ
437 1341 499 1397 δὲ
546 1346 600 1397 Γ
639 1340 816 1412 μονὰς
860 1338 962 1395 τὸν
1011 1347 1067 1395 A
1112 1338 1360 1411 ἀριθμὸν
1408 1353 1597 1413 μετρεῖ
1631 1341 1769 1397 κατὰ
1809 1339 1905 1407 τὰς

212 1434 273 1488 ἐν
311 1435 388 1507 τῷ
430 1437 485 1486 A
532 1429 804 1501 μονάδας·
851 1428 944 1483 καὶ
992 1425 1021 1483 6
1070 1434 1123 1483 E
1166 1427 1274 1499 ἄρα
1314 1429 1414 1486 τὸν
1453 1439 1507 1486 Α
1546 1442 1733 1503 μετρεῖ
1767 1428 1905 1486 κατὰ

211 1520 310 1587 τὰς
350 1522 412 1576 ἐν
451 1522 526 1595 τῷ
570 1526 624 1573 A
664 1517 936 1589 μονάδας·
978 1515 1007 1572 6
1050 1524 1105 1572 A
1136 1516 1245 1587 ἄρα
1275 1519 1377 1574 τὸν
1411 1525 1464 1574 Ε
1491 1519 1900 1576 πολλαπλασιά-

213 1625 313 1675 σας
358 1607 462 1663 τὸν
509 1615 562 1662 Α
607 1611 919 1677 πεποίηκεν.
997 1604 1087 1660 διὰ
1133 1603 1199 1660 τὰ
1246 1604 1387 1661 αὐτὰ
1444 1608 1513 1679 δὴ
1569 1609 1660 1664 καὶ
1716 1607 1745 1664 6
1802 1607 1903 1679 μὲν

212 1704 257 1753 Ζ
298 1695 500 1752 ἑαυτὸν
538 1694 1029 1760 πολλαπλασιάσας
1074 1693 1174 1750 τὸν
1222 1701 1287 1750 Η
1325 1701 1648 1768 πεποίηκεν,
1694 1695 1795 1752 τὸν
1843 1696 1905 1752 δὲ

211 1791 276 1842 Η
316 1784 807 1850 πολλαπλασιάσας
851 1782 951 1840 τὸν
999 1789 1046 1839 Β
1092 1789 1405 1855 πεποίηκεν.
1481 1786 1573 1841 καὶ
1622 1785 1737 1842 ἐπεὶ
1778 1783 1807 1841 6
1853 1793 1906 1840 A

213 1874 418 1931 ἑαυτὸν
473 1874 576 1946 μὲν
630 1871 1120 1938 πολλαπλασιάσας
1172 1871 1273 1928 τὸν
1326 1879 1380 1928 Ε
1429 1880 1751 1945 πεποίηκεν,
1805 1873 1904 1929 τὸν

213 1964 275 2020 δὲ
332 1970 376 2018 Ζ
430 1961 920 2027 πολλαπλασιάσας
969 1960 1070 2017 τὸν
1118 1968 1165 2017 Θ
1210 1967 1534 2034 πεποίηκεν,
1590 1967 1741 2018 ἔστιν
1796 1961 1905 2033 ἄρα

212 2050 288 2119 ὥς
335 2049 365 2108 6
418 2059 474 2107 A
520 2049 657 2121 πρὸς
703 2049 804 2106 τὸν
845 2056 915 2120 Ζ,
963 2048 1140 2115 οὕτως
1188 2048 1216 2105 6
1262 2057 1313 2105 E
1347 2050 1487 2123 πρὸς
1531 2073 1632 2107 τον
1671 2058 1733 2107 Θ.
1811 2050 1904 2107 διὰ

210 2139 278 2196 τὰ
334 2139 474 2196 αὐτὰ
532 2138 601 2211 δὴ
657 2139 749 2195 καὶ
803 2136 877 2205 ὡς
925 2136 953 2193 6
1004 2146 1058 2193 A
1103 2138 1243 2209 πρὸς
1288 2139 1388 2194 τὸν
1437 2145 1507 2209 Ζ,
1557 2140 1733 2206 οὕτως
1781 2137 1809 2195 6
1859 2147 1907 2195 Θ

213 2229 351 2301 πρὸς
397 2227 496 2285 τὸν
544 2233 615 2285 Η.
692 2228 786 2283 καὶ
835 2225 910 2293 ὡς
958 2226 1067 2299 ἄρα
1116 2225 1145 2283 6
1194 2234 1248 2282 E
1290 2227 1430 2299 πρὸς
1474 2228 1575 2284 τὸν
1615 2235 1686 2299 Θ,
1728 2227 1904 2294 οὕτως

213 2317 242 2374 6
295 2326 342 2375 Θ
387 2319 525 2386 πρὸς
575 2316 677 2372 τὸν
724 2322 796 2372 Η.
871 2316 1067 2386 πάλιν,
1123 2316 1240 2372 ἐπεὶ
1287 2314 1316 2371 6
1369 2323 1423 2370 A
1478 2317 1740 2387 ἑκάτερον
1792 2319 1906 2372 τῶν

212 2414 287 2478 Ε,
321 2413 368 2462 Θ
405 2403 895 2470 πολλαπλασιάσας
935 2404 1197 2475 ἑκάτερον
1235 2407 1348 2460 τῶν
1388 2413 1464 2474 Α,
1497 2410 1555 2459 Κ
1589 2410 1904 2476 πεποίηκεν,

211 2499 362 2551 ἔστιν
417 2493 527 2564 ἄρα
578 2491 652 2559 ὥς
708 2491 737 2549 6
787 2499 839 2548 E
880 2492 1021 2566 πρὸς
1075 2492 1176 2548 τὸν
1222 2499 1293 2563 Θ,
1350 2493 1528 2558 οὕτως
1578 2490 1608 2548 6
1662 2500 1715 2547 A
1768 2491 1906 2565 πρὸς

211 2582 310 2638 τὸν
351 2588 419 2638 K.
496 2580 618 2637 ἀλλ’
671 2579 746 2647 ὥς
786 2579 815 2637 6
858 2588 910 2636 E
944 2581 1082 2651 πρὸς
1120 2580 1222 2636 τὸν
1262 2587 1332 2650 Θ,
1384 2577 1559 2647 οὕτως
1598 2579 1627 2637 6
1671 2588 1725 2636 A
1764 2579 1905 2654 πρὸς

209 2669 309 2727 τὸν
358 2677 423 2726 Ζ·
479 2670 572 2725 καὶ
620 2667 694 2736 ὡς
740 2668 849 2742 ἄρα
898 2668 927 2726 6
977 2677 1033 2725 A
1078 2669 1216 2742 πρὸς
1267 2668 1368 2726 τὸν
1416 2675 1487 2740 Ζ,
1539 2669 1717 2735 οὕτως
1766 2667 1796 2725 6
1850 2675 1906 2723 A

331 2824 371 2862 4.
406 2814 552 2876 ἔστιν]
587 2831 727 2875 supra
757 2833 816 2863 m.
853 2824 875 2862 1
910 2817 965 2862 V.
1066 2822 1107 2862 8.
1140 2817 1222 2862 καὶ
1255 2813 1280 2861 ὃ
1315 2821 1358 2861 A
1388 2813 1482 2872 α”ρα
1505 2842 1563 2849 -
1589 2822 1638 2861 9:
1672 2813 1902 2875 μονάδας]
1977 2830 1979 2834 ”

209 2893 303 2935 mg.
338 2893 397 2922 m.
434 2883 456 2921 1
492 2878 589 2934 Ρφ.
695 2882 735 2921 8.
775 2875 896 2935 ἄρα]
932 2892 1020 2922 om.
1054 2877 1107 2922 B.
1229 2871 1461 2934 ἀριθμός]
1496 2889 1586 2921 om.
1619 2877 1724 2931 ch.
1836 2880 1905 2920 10.

209 2939 438 2993 πεποίηκε
472 2936 575 2993 Vq).
708 2935 885 2995 μονάς]
919 2950 1008 2981 om.
1041 2936 1093 2980 P.
1227 2940 1296 2979 12.
1336 2935 1396 2994 Γ]
1432 2948 1456 2979 e
1490 2949 1606 2981 corr.
1639 2936 1693 2980 V.
1836 2940 1904 2979 11.
