1988 3152
568 95 1026 142 ELEMENTORUM
1056 98 1239 141 LIBER
1270 95 1347 137 v1.
1739 90 1810 144 91

113 227 457 296 spondentia,
514 244 651 297 quae
703 221 803 278 sub
851 220 1166 289 aequalibus
1219 213 1430 286 angulis
1479 212 1811 266 subtendunt

115 316 287 383 [prop.
334 313 453 382 IVJ.
529 314 633 367 erit
680 313 847 383 igitur
897 314 1006 364 AB
1039 330 1050 362 ε
1083 311 1195 364 ΒΓ
1219 333 1290 353 --=
1323 307 1440 361 HE
1469 324 1480 357 ε
1514 303 1631 354 ΕΖ.
1715 302 1809 354 sed

109 405 227 454 AB
272 421 284 454 :
328 403 444 455 ΒΓ
483 425 553 444 =
602 404 726 453 AE
767 420 779 452 :
827 403 965 464 EZ,
1034 401 1096 451 ut
1158 395 1553 466 supposuimus,
1643 409 1807 463 quare

113 492 751 542 AE:EZ=HE:EZ
778 487 866 557 [V,
894 489 1003 554 11].
1073 487 1256 554 itaque
1281 488 1507 553 utraque
1533 486 1667 551 AE,
1690 486 1810 537 ΗΕ

109 577 180 630 ad
229 580 333 630 EZ
388 577 613 630 eandem
671 577 942 630 rationem
996 575 1177 629 habet.
1261 590 1389 643 ergo
1439 578 1494 626 Δ
1503 577 1556 626 Ε
1586 599 1655 618 =
1690 577 1811 628 HE

107 664 198 734 [V,
246 665 320 732 9].
408 665 596 719 eadem
657 666 721 718 de
785 683 946 719 eausa
999 665 1166 717 etiam
1228 667 1338 716 AZ
1376 687 1445 706 =
1481 664 1608 716 HZ.
1695 665 1805 718 iam

107 755 364 823 quoniam
419 759 540 808 ΔΕ
570 779 640 798 =
674 757 812 824 EH,
867 757 922 806 et
976 753 1277 808 eommunis
1340 756 1423 806 est
1476 755 1603 822 ΕΖ,
1666 754 1803 809 duae

107 846 290 896 rectae
340 846 476 913 ΔΕ,
506 847 611 896 ΕΖ
659 843 870 897 duabus
919 847 1057 913 HE,
1090 847 1193 897 EZ
1242 843 1492 912 aequales
1541 846 1690 912 sunt3
1749 847 1803 898 et

104 934 216 984 AZ
241 957 312 976 =
338 935 463 985 ZH.
525 932 709 1002 itaque
742 938 777 995 L
803 936 974 985 AEZ
994 936 1251 986 =HEZ
1286 933 1348 1003 [1,
1374 935 1448 1003 8],
1474 935 1528 986 et
1551 932 1800 989 ΔΔΕΖ

55 1052 60 1054 -
103 1044 174 1063 ---
199 1019 260 1076 A
283 1023 472 1090 ΗΕΖ,
506 1023 560 1074 et
585 1022 778 1091 reliqui
810 1022 998 1091 anguli
1030 1021 1250 1091 reliquis
1284 1022 1501 1091 angulis
1534 1023 1799 1091 aequalest,

109 1110 211 1163 sub
251 1111 448 1180 quibus
489 1111 737 1181 aequalia
786 1112 959 1164 latera
999 1110 1334 1164 subtendunt
1373 1110 1438 1180 [Ι,
1469 1111 1545 1177 4].
1614 1110 1798 1180 itaque

100 1204 136 1261 L
177 1203 359 1253 AZE
396 1225 466 1243 =
506 1203 711 1269 ΗΖΕ,
750 1204 785 1262 L
825 1203 1002 1252 EAZ
1043 1224 1114 1243 -ε
1154 1203 1348 1253 ΕΗΖ.
1433 1202 1487 1252 et
1541 1200 1798 1268 quoniam

99 1292 135 1350 L
169 1290 348 1340 ZEA
380 1313 449 1331 =
482 1291 686 1357 ΗΕΖ,
739 1291 794 1341 et
848 1293 883 1350 L
916 1291 1096 1341 HEZ
1131 1313 1200 1331 =
1233 1290 1420 1357 ΑΒΓ,
1474 1288 1576 1341 erit
1630 1289 1797 1341 etiam

21 1376 30 1395 ²
98 1381 134 1438 L
159 1379 422 1430 ABF==
448 1380 634 1429 AEZ.
697 1376 885 1429 eadem
925 1377 988 1429 de
1029 1395 1192 1430 eausa
1230 1377 1334 1430 erit
1374 1377 1542 1430 etiam
1567 1382 1602 1440 L
1627 1381 1794 1431 ΑΓΒ

30 1506 34 1510 .
97 1490 168 1509 =
194 1468 389 1534 AZE,
436 1468 491 1518 et
537 1467 816 1534 praeterea
864 1466 1097 1536 angulus
1138 1466 1206 1519 ad
1242 1471 1295 1519 A
1340 1466 1551 1536 positus
1592 1468 1792 1536 angulo

23 1550 29 1608 ζ
95 1554 163 1607 ad
211 1558 268 1607 A
312 1555 507 1625 posito.
594 1555 778 1625 itaque
833 1555 1095 1626 trianguli
1142 1557 1342 1625 ΑΒΓ,
1375 1559 1499 1608 ΔΕ
1509 1559 1555 1608 Ζ
1609 1556 1793 1626 aequi-

0 1630 30 1698 τ’
96 1644 283 1715 anguli
322 1647 464 1698 sunt.

12 1723 30 1748 “²
205 1731 356 1802 Ergo
390 1732 436 1784 si
466 1732 571 1786 duo
614 1734 874 1803 trianguli
903 1734 1075 1786 latera
1105 1735 1538 1804 proportionalia
1568 1734 1790 1804 habent,

24 1814 28 1827 ²
96 1820 447 1891 aequianguli
491 1825 650 1875 erunt
702 1822 966 1893 trianguli
1013 1825 1067 1875 et
1113 1839 1204 1875 eos
1253 1823 1480 1893 angulos
1535 1823 1788 1892 aequales

13 1939 17 1942 -
92 1907 398 1980 habebunt,
442 1910 542 1963 sub
585 1911 779 1980 quibus
826 1911 1305 1980 correspondentia
1355 1912 1529 1966 latera
1568 1914 1786 1968 subten-

32 2072 35 2075 .
90 1995 249 2069 dunt3
290 1998 434 2068 quod
473 2001 591 2052 erat
629 1999 1122 2054 demonstrandum.

890 2160 985 2215 VI.

205 2263 263 2318 Si
279 2266 385 2320 duo
402 2266 666 2336 trianguli
689 2284 856 2319 unum
884 2267 1143 2336 angulum
1167 2267 1261 2319 uni
1280 2267 1481 2338 angulo
1501 2270 1782 2348 aequalem
1862 2296 1875 2301 s

86 2423 183 2455 om.
215 2410 351 2469 BFp.
415 2412 497 2458 καὶ
530 2409 593 2464 ὡς
623 2410 719 2471 ἄρα
750 2413 799 2458 Ρ.
910 2417 949 2456 5.
983 2410 1091 2471 τήν]
1123 2412 1195 2458 bis
1228 2426 1317 2458 om.
1350 2413 1484 2471 BFp.
1580 2422 1621 2462 6.
1655 2419 1779 2477 ΗΕ]

88 2470 191 2512 ΕΗ
217 2467 274 2515 V.
419 2477 459 2517 7.
491 2469 570 2531 τά]
606 2486 695 2517 om.
728 2486 773 2529 p.
920 2477 960 2518 8.
996 2474 1070 2528 ἴση
1105 2469 1229 2517 ἐστίν
1260 2489 1304 2531 p.
1461 2481 1529 2520 10.
1565 2475 1659 2521 εἰσί
1685 2476 1780 2534 Vp.

150 2529 265 2588 ΔΖ]
298 2533 385 2573 ΖΛ
415 2530 466 2575 P.
591 2532 710 2590 ΖΗ]
743 2535 852 2589 post
875 2544 962 2576 ras.
994 2536 1016 2575 1
1045 2532 1137 2576 litt.
1163 2532 1219 2577 V.
1345 2539 1412 2578 11.
1442 2530 1585 2593 ἐστιν]
1613 2550 1702 2580 om.
1730 2537 1778 2580 P.

89 2590 159 2631 13.
192 2585 304 2632 Post
335 2590 437 2633 ἴσον
468 2591 573 2635 add.
610 2587 713 2635 ἐστί
737 2591 838 2649 Bp,
871 2590 907 2633 F
931 2606 990 2635 m.
1025 2596 1073 2647 2,
1106 2591 1149 2634 V
1177 2607 1236 2636 m.
1271 2597 1311 2636 2.
1436 2598 1505 2639 14.
1538 2595 1653 2640 Post
1684 2597 1782 2640 ἴσαι
1881 2627 1884 2630 >

87 2645 196 2690 add.
230 2644 418 2692 ἔσονται
447 2648 540 2706 Bp,
572 2648 608 2692 F
645 2665 705 2693 m.
740 2656 781 2695 2.
893 2654 959 2694 15.
996 2645 1120 2694 ἐστίν
1151 2650 1250 2695 ΡΒ.
1367 2654 1531 2712 ΔΖΕ]
1567 2657 1704 2699 ΔΕΖ
1728 2654 1779 2701 F.

150 2707 317 2764 HZE]
352 2709 401 2750 Η
430 2721 568 2766 supra
597 2724 658 2753 m.
695 2715 716 2754 1
743 2710 794 2754 F.
919 2714 987 2756 17.
1021 2711 1095 2766 ἴση
1122 2706 1248 2754 ἐστίν
1272 2727 1322 2783 (Ρ.
1385 2707 1502 2756 ἄλλά
1533 2713 1583 2757 Ρ.
1709 2719 1777 2760 18.

86 2765 247 2823 ΑΒΓ]
280 2765 442 2822 (prius)
474 2771 612 2812 ΑΒΓ
640 2764 763 2812 ἐστιν
794 2770 870 2825 ἴση
904 2769 957 2814 V.
1084 2773 1151 2815 19.
1184 2765 1234 2828 ἡ]
1269 2786 1298 2826 η
1332 2768 1419 2828 μέν
1443 2771 1493 2815 Ρ.
1615 2773 1776 2831 ΑΓΒ]

85 2824 225 2867 ΑΒΓ
264 2839 310 2881 p.
432 2830 502 2872 20.
543 2825 629 2885 ἔτι]
673 2842 697 2872 e
737 2842 852 2873 corr.
895 2827 951 2874 V.
1073 2828 1157 2887 τῷ]
1197 2828 1269 2873 bis
1313 2826 1365 2873 τό
1406 2830 1441 2873 Β
1482 2833 1529 2875 et
1560 2832 1602 2876 V
1643 2834 1774 2888 (corr.

86 2890 148 2923 m.
179 2883 239 2938 2).
361 2889 432 2929 21.
467 2888 509 2930 Δ
542 2882 667 2931 ἔστιν
699 2887 774 2943 ἴση
806 2886 905 2931 FV.
970 2883 1094 2931 ἐστίν
1125 2887 1174 2931 Ρ.
