1988 3152
146 1011 202 1050 10

147 1460 202 1500 15

146 1903 204 1944 20

230 93 304 146 40
834 93 1170 136 ΣΤΟῙΧΕΙΩΝ
1200 89 1259 137 ε’.

342 210 490 266 Ἐπεὶ
539 209 646 282 γὰρ
695 213 810 265 ἔστι
855 208 981 265 τινὰ
1026 213 1140 265 τῶν
1186 209 1289 281 μὲν
1326 215 1392 282 Γ,
1418 217 1470 266 Ε
1505 210 1686 278 ἰσάκις
1723 218 1924 267 πολλα-

233 298 466 369 πλάσια,
509 302 623 354 τῶν
664 297 726 353 δὲ
766 305 847 370 Δ,
874 305 918 353 Ζ
957 297 1126 369 ἄλλα,
1165 296 1201 354 ἃ
1243 303 1461 371 ἔτυχεν,
1502 300 1684 366 ἰσάκις
1723 306 1925 355 πολλα-

234 386 466 456 πλάσια,
517 387 611 441 καὶ
657 385 720 442 τὸ
760 386 864 457 μὲν
901 390 1004 442 τοῦ
1042 392 1096 442 Γ
1126 388 1547 444 πολλαπλάσιον
1586 392 1687 443 τοῦ
1727 390 1829 443 τοῦ
1871 395 1926 442 Δ

232 479 654 531 πολλαπλασίου
704 473 982 548 ὑπερέχει,
1035 475 1097 531 τὸ
1156 475 1219 532 δὲ
1263 480 1365 532 τοῦ
1413 483 1466 531 Ε
1507 475 1927 532 πολλαπλάσιον

233 566 334 619 τοῦ
394 566 498 619 τοῦ
564 570 609 618 Ζ
663 569 1083 620 πολλαπλασίου
1145 562 1248 636 οὐχ
1308 562 1587 637 ὑπερέχει,
1650 564 1927 636 εἰλήφθω,

232 652 326 708 καὶ
366 656 504 708 ἔστω
543 654 658 708 τῶν
696 651 798 723 μὲν
837 658 902 723 Γ,
936 659 988 708 Ε
1028 653 1208 719 ἰσάκις
1237 653 1624 709 πολλαπλάσια
1654 650 1720 707 τὰ
1746 659 1826 724 H,
1860 659 1926 723 Θ,

233 743 346 796 τῶν
403 740 466 796 δὲ
514 747 594 811 Δ,
628 747 673 795 Ζ
720 739 888 811 ἄλλα,
940 738 975 795 ἃ
1032 745 1248 813 ἔτυχεν,
1305 741 1488 807 ἰσάκις
1541 742 1928 797 πολλαπλάσια

232 828 299 884 τὰ
340 835 424 900 Κ,
451 835 528 900 Λ,
570 830 711 885 ὥστε
750 829 814 885 τὸ
856 828 958 900 μὲν
997 835 1063 884 Η
1093 832 1196 885 τοῦ
1234 836 1292 884 Κ
1327 828 1643 903 ὑπερέχειν,
1680 829 1745 886 τὸ
1788 830 1850 886 δὲ
1881 836 1930 885 Θ

232 921 338 973 τοῦ
384 923 435 973 Λ
481 916 556 989 μὴ
605 915 916 990 ὑπερέχειν·
985 918 1078 973 καὶ
1135 915 1483 974 ὁσαπλάσιον
1538 919 1640 990 μέν
1695 921 1810 975 ἐστι
1864 917 1927 974 τὸ

234 1012 300 1062 Η
330 1009 431 1062 τοῦ
478 1011 551 1076 Γ,
606 1005 1091 1062 τοσαυταπλάσιον
1146 1010 1286 1062 ἔστω
1341 1007 1434 1061 καὶ
1486 1004 1539 1061 m*
1597 1012 1671 1062 Μ
1707 1009 1808 1062 τοῦ
1856 1013 1930 1076 Α,

236 1093 581 1151 ὁσαπλάσιον
637 1095 699 1150 δὲ
752 1094 815 1150 τὸ
865 1100 922 1150 Κ
965 1098 1068 1150 τοῦ
1115 1102 1196 1166 Δ,
1259 1094 1742 1151 τοσαυταπλάσιον
1790 1098 1929 1150 ἔστω

232 1184 324 1239 καὶ
366 1182 429 1239 τὸ
469 1189 535 1238 Ν
565 1185 668 1239 τοῦ
708 1189 770 1238 Β.

347 1273 461 1327 Καὶ
510 1274 630 1328 ἐπεί
674 1273 824 1328 ἐστιν
865 1269 940 1338 ὥς
978 1270 1040 1328 τὸ
1079 1280 1134 1327 A
1171 1270 1310 1344 πρὸς
1348 1270 1410 1328 τὸ
1452 1278 1524 1341 Β,
1567 1272 1744 1337 οὕτως
1782 1270 1844 1327 τὸ
1884 1276 1937 1327 Γ

234 1360 374 1432 πρὸς
412 1359 473 1416 τὸ
510 1367 583 1431 Δ,
622 1360 716 1415 καὶ
756 1365 1006 1430 εἴληπται
1045 1362 1160 1415 τῶν
1199 1359 1302 1431 μὲν
1333 1367 1404 1430 Α,
1432 1364 1484 1415 Γ
1508 1358 1688 1424 ἰσάκις
1726 1365 1931 1414 πολλα-

240 1450 448 1506 πλάσια
487 1449 554 1505 τὰ
596 1455 679 1520 Μ,
711 1455 787 1519 Η,
828 1451 941 1504 τῶν
981 1448 1044 1505 δὲ
1082 1455 1148 1519 Β,
1191 1456 1246 1503 Δ
1284 1447 1444 1518 ἄλλα,
1485 1445 1520 1502 ἃ
1561 1451 1771 1518 ἔτυχεν,
1812 1447 1931 1503 ἰσά-

234 1561 320 1605 κις
373 1537 763 1594 πολλαπλάσια
809 1535 875 1592 τὰ
929 1542 1012 1607 Ν,
1049 1542 1129 1608 K,
1182 1540 1234 1593 εἰ
1283 1535 1394 1609 ἄρα
1447 1534 1702 1609 ὑπερέχει
1755 1534 1816 1592 τὸ
1864 1538 1939 1592 Μ

235 1631 336 1685 τοῦ
376 1633 463 1697 Ν,
502 1623 756 1698 ὑπερέχει
794 1626 887 1681 καὶ
925 1624 987 1681 τὸ
1029 1630 1095 1680 Η
1126 1627 1229 1682 τοῦ
1266 1631 1338 1696 Κ,
1376 1625 1470 1680 καὶ
1510 1628 1561 1680 εἰ
1599 1631 1743 1696 ἴσον,
1785 1631 1930 1696 ἴσον,

235 1717 328 1772 καὶ
384 1720 435 1772 εἰ
481 1719 738 1784 ἔλαττον,
794 1718 1038 1770 ἔλαττον.
1116 1711 1369 1786 ὑπερέχει
1416 1713 1479 1769 δὲ
1517 1711 1580 1769 τὸ
1620 1719 1686 1767 Η
1715 1717 1817 1769 τοῦ
1855 1720 1932 1770 Κ·

236 1804 491 1877 ὑπερέχει
531 1802 642 1877 ἄρα
687 1803 780 1859 καὶ
827 1802 890 1858 τὸ
932 1808 1005 1858 Μ
1035 1805 1138 1858 τοῦ
1178 1808 1250 1858 Ν.
1327 1799 1388 1857 τὸ
1431 1801 1493 1857 δὲ
1533 1808 1580 1857 Θ
1610 1805 1712 1857 τοῦ
1745 1808 1797 1856 Λ
1829 1800 1932 1874 οὐχ

235 1894 511 1965 ὑπερέχει·
561 1897 659 1948 καί
705 1894 821 1948 ἐστι
873 1891 941 1946 τὰ
996 1890 1098 1963 μὲν
1153 1895 1242 1961 Μ,
1282 1896 1330 1946 Θ
1374 1893 1488 1946 τῶν
1535 1897 1614 1960 A,
1646 1897 1699 1945 E
1750 1890 1932 1957 ἰσάκις

235 1985 645 2052 πολλαπλάσια,
685 1979 751 2036 τὰ
794 1980 856 2036 δὲ
896 1986 977 2050 Ν,
1011 1985 1063 2034 Λ
1101 1982 1215 2035 τῶν
1255 1985 1328 2049 Β,
1363 1985 1407 2033 Ζ
1447 1977 1612 2048 ἄλλα,
1653 1976 1687 2033 ἃ
1720 1983 1929 2051 ἔτυχεν,

237 2072 419 2138 ἰσάκις
469 2068 876 2127 πολλαπλάσια·
931 2068 993 2125 τὸ
1051 2067 1161 2140 ἄρα
1211 2075 1263 2123 A
1316 2066 1455 2141 πρὸς
1500 2066 1562 2124 τὸ
1611 2074 1660 2123 Β
1707 2072 1931 2139 μείζονα

235 2161 408 2233 λόγον
449 2165 558 2232 ἔχει
597 2159 738 2230 ἥπερ
777 2157 841 2214 τὸ
884 2164 937 2214 Ε
971 2157 1113 2230 πρὸς
1151 2154 1213 2212 τὸ
1257 2163 1317 2212 Ζ.

343 2247 476 2305 Ἐὰν
524 2245 634 2319 ἄρα
683 2249 910 2317 πρῶτον
955 2245 1095 2318 πρὸς
1143 2243 1408 2316 δεύτερον
1455 2243 1556 2300 τὸν
1603 2243 1779 2300 αὐτὸν
1834 2248 1929 2317 ἔχῃ

360 2402 400 2443 1.
437 2395 550 2440 Ροεῦ
587 2390 676 2451 γάρ
718 2393 824 2438 add.
857 2391 1040 2437 Theon:
1082 2389 1134 2436 τὸ
1179 2395 1223 2436 Γ
1256 2389 1373 2449 πρὸς
1404 2389 1456 2437 τὸ
1492 2397 1534 2436 Δ
1566 2393 1759 2450 μείζονα
1790 2389 1931 2449 λόγον

244 2455 342 2514 ἔχει
373 2452 495 2513 ἤπερ
526 2451 578 2498 τὸ
614 2455 655 2497 Ε
686 2449 804 2509 πρὸς
834 2449 887 2497 τὸ
923 2455 957 2495 Ζ
989 2450 1045 2507 (Β
1059 2450 1222 2509 FVp);
1260 2466 1349 2496 om.
1381 2450 1432 2495 P.
1532 2456 1573 2496 2.
1606 2452 1701 2495 τῶν
1732 2450 1785 2496 δὲ
1814 2458 1870 2509 Δ,
1897 2455 1932 2496 Ζ

229 2542 294 2551 --
321 2509 667 2571 πολλαπλάσια]
700 2526 794 2569 mg.
827 2526 890 2557 m.
924 2516 947 2555 1
981 2511 1032 2555 F.
1178 2515 1217 2555 3.
1252 2507 1326 2569 τό]
1377 2523 1493 2556 corr.
1525 2524 1582 2556 ex
1612 2507 1670 2555 τά
1711 2525 1773 2557 m.
1815 2516 1838 2554 1
1872 2509 1929 2557 V.

297 2575 404 2632 τοῦ]
454 2573 573 2630 (alt.)
611 2572 778 2628 poema.
814 2571 972 2616 insert.
1010 2586 1071 2615 m.
1113 2575 1139 2614 2
1179 2569 1227 2613 F.
1363 2574 1401 2616 7.
1443 2564 1498 2628 ἅ]
1540 2583 1681 2643 supra.
1718 2568 1767 2614 F.
1890 2573 1931 2614 8.

237 2633 362 2678 Ante
410 2629 661 2688 ὑπερέχειν
706 2643 797 2675 ras.
843 2635 869 2674 2
910 2629 1002 2674 litt.
1042 2630 1099 2674 V.
1246 2635 1287 2675 9.
1320 2626 1404 2687 μή]
1446 2629 1505 2682 Ρ;
1550 2645 1606 2674 ου
1649 2625 1712 2698 μή
1745 2629 1804 2684 F;
1844 2624 1932 2686 οὐχ

239 2693 380 2749 BVp.
507 2695 575 2737 15.
608 2685 662 2749 ἅ]
696 2703 835 2745 supra
866 2704 927 2734 m.
961 2694 987 2732 2
1020 2689 1071 2734 F.
1195 2692 1266 2733 20.
1299 2684 1379 2746 τά]
1413 2702 1528 2733 corr.
1561 2702 1618 2733 ex
1649 2703 1702 2732 το
1735 2703 1796 2731 m.
1826 2693 1848 2732 1
1874 2687 1931 2733 V.

299 2753 373 2823 Α]
389 2751 439 2795 in
469 2763 559 2795 ras.
591 2750 644 2794 P.
744 2753 816 2793 21.
848 2745 906 2792 τὰ
941 2747 994 2793 δέ
1029 2773 1083 2780 —-
1118 2751 1197 2791 22:
1230 2743 1575 2805 πολλαπλάσια]
1602 2761 1692 2792 om.
1717 2746 1767 2793 F.
1860 2751 1932 2791 22.

239 2807 291 2856 τὸ
341 2826 437 2914 apg
477 2814 513 2853 A
552 2805 670 2866 πρὸς
708 2804 761 2853 τὸ
804 2807 862 2866 Β]
903 2807 952 2852 in
991 2820 1082 2853 rae.
1122 2821 1184 2851 m.
1225 2812 1251 2851 2
1291 2806 1351 2863 F,
1399 2819 1495 2862 seq.
1541 2806 1711 2864 uestig.
1747 2811 1800 2850 12
1840 2805 1932 2851 litt.

300 2875 370 2915 24.
431 2884 503 2926 χει
533 2868 594 2914 V.
