1988 3152
416 71 422 76 ·
521 53 982 96 ELEMENTORUM
1011 54 1193 95 LIBER
1223 53 1348 96 vm.
1660 50 1768 104 289

71 193 139 226 ex
180 191 350 244 aequo
391 173 493 225 erit
535 172 678 240 [VII,
716 174 806 239 14]
846 175 912 225 Η
929 192 940 224 :
966 175 1023 225 Κ
1036 196 1113 216 =
1146 177 1227 225 A:
1255 176 1318 226 B.
1386 189 1575 227 uerum

515 276 1313 343 H:K=P:E><A:Z.¹)

70 396 199 448 ergo
241 379 406 432 etiam
437 383 491 431 A
514 397 525 430 :
551 382 598 430 Β
626 403 696 421 =
722 380 776 430 Γ
792 397 804 430 t
829 382 881 430 E
903 392 973 434 ><
1000 384 1056 431 A
1079 399 1090 432 :
1119 383 1186 448 Z3
1226 379 1369 449 quod
1401 382 1518 432 erat
1550 377 1768 432 demon-

71 468 368 521 strandum.

869 600 963 653 VI.

183 703 240 758 Si
287 704 555 774 quotlibet
603 704 814 756 numeri
858 704 1108 774 deinceps
1149 706 1586 774 proportionales
1627 709 1768 775 sunt,

69 797 123 845 et
177 794 383 862 primus
439 793 732 845 secundum
785 811 896 846 non
946 794 1192 863 metitur,
1246 813 1313 847 ne
1362 795 1500 847 alius
1550 794 1768 864 quidem

69 883 212 935 ullus
253 883 420 935 alium
459 883 724 935 metietur.

181 969 302 1024 Sint
347 970 614 1040 quotlibet
660 971 872 1023 numeri
918 971 1175 1040 deinceps
1222 971 1660 1041 proportionales
1700 976 1768 1039 A,

964 1063 1036 1129 Β,
1075 1062 1144 1129 Γ,
1185 1065 1254 1129 A,
1294 1063 1358 1128 E,
1399 1063 1453 1113 et
1491 1065 1544 1113 A
1582 1079 1768 1113 nume-

67 1138 440 1177 A›-—-—-—-
962 1168 1082 1201 rum
1121 1152 1168 1200 Β
1208 1167 1275 1201 ne
1307 1149 1579 1201 metiatur.
1633 1148 1768 1218 dieo,

69 1234 119 1274 B'
960 1256 1028 1291 ne
1092 1238 1258 1290 alium
1314 1237 1533 1308 quidem
1593 1238 1768 1291 ullum

617 1338 620 1365 ¹
962 1328 1128 1380 alium
1167 1344 1481 1379 mensurum
1522 1344 1652 1380 esse.

67 1427 761 1466 Al——————-—--÷
1067 1417 1178 1469 iam
1210 1416 1313 1469 hoo
1348 1415 1564 1485 quidem
1595 1416 1767 1468 mani-

66 1519 748 1561 Ε;--------
929 1506 1157 1558 xfestum
1189 1508 1286 1574 est,
1323 1523 1579 1559 numeros
1612 1509 1679 1574 A,
1704 1508 1765 1575 Β,

65 1617 113 1657 Ζι
326 1649 329 1653 .
961 1597 1021 1663 Γ,
1063 1599 1133 1663 Δ,
1171 1598 1224 1647 Ε
1258 1594 1508 1663 deinceps
1545 1595 1689 1646 inter
1713 1612 1769 1646 se

65 1712 125 1753 H,
395 1727 398 1749 ἑ
965 1703 1074 1737 non
1105 1684 1298 1736 metiri.
1346 1701 1474 1735 nam
1505 1687 1559 1735 A
1581 1700 1766 1735 nume-

964 1791 1086 1825 rum
1110 1776 1157 1825 Β
1193 1791 1304 1825 non
1343 1772 1578 1824 metitur.
1632 1771 1767 1840 dico,

963 1880 1031 1915 ne
1096 1862 1262 1914 alium
1310 1861 1528 1930 quidem
1591 1860 1765 1912 ullum

68 1956 236 2009 alium
275 1974 588 2008 mensurum
627 1972 761 2007 esse.
837 1971 966 2005 nam
1007 1952 1052 2004 si
1091 1950 1210 2003 fieri
1249 1953 1445 2019 potest,
1485 1954 1539 2002 A
1575 1966 1763 2001 nume-

66 2064 189 2098 rum
220 2046 274 2097 Γ
306 2045 578 2097 metiatur.
633 2046 688 2096 et
727 2045 859 2113 quot
899 2043 1026 2094 sunt
1057 2045 1125 2106 A,
1157 2042 1220 2108 Β,
1251 2041 1312 2107 Γ,
1352 2040 1438 2091 tot
1477 2039 1763 2091 sumantur

67 2134 276 2187 minimi
314 2133 526 2186 numeri
566 2150 765 2201 eorum,
807 2131 898 2201 qui
939 2129 1164 2182 eandem
1205 2146 1267 2181 ac
1306 2131 1373 2195 A,
1413 2130 1475 2194 B,
1515 2129 1568 2180 Γ
1599 2127 1764 2180 ratio-

64 2241 190 2275 nem
228 2222 433 2275 habent
473 2202 539 2289 ⁸2,
577 2222 657 2288 H,
697 2223 744 2272 Θ
785 2218 928 2285 [V11,
955 2219 1069 2286 33].
1131 2220 1185 2270 et
1225 2215 1481 2286 quoniam
1522 2219 1583 2285 Ζ,
1613 2219 1685 2285 H,
1718 2219 1765 2269 Θ

63 2313 121 2364 in
160 2310 347 2364 eadem
394 2310 602 2362 ratione
644 2313 770 2361 sunt
807 2327 869 2361 ac
908 2315 984 2378 A,
1024 2311 1095 2376 Β,
1135 2309 1195 2376 Γ,
1235 2310 1289 2360 et
1329 2305 1620 2358 multitudo
1661 2323 1762 2358 nu-

65 2418 334 2452 merorum
367 2403 434 2468 A,
459 2402 522 2468 Β,
545 2400 598 2451 Γ
631 2398 873 2467 aequalis
915 2400 998 2449 est
1035 2395 1374 2448 multitudini
1411 2412 1762 2447 numerorum

68 2491 135 2557 Z,
173 2491 251 2556 H,
290 2486 361 2557 Θ,
402 2505 466 2539 ex
506 2505 677 2555 aequo
719 2487 820 2538 erit
860 2491 913 2539 A
939 2504 951 2538 :
976 2487 1115 2538 Γ---
1141 2488 1186 2537 Ζ
1213 2503 1224 2537 :
1250 2487 1297 2537 Θ
1339 2482 1484 2553 [VII,
1523 2483 1630 2550 14].
1708 2487 1762 2535 et

68 2578 322 2647 quoniam
354 2580 438 2629 est
470 2581 522 2628 A
546 2595 557 2629 :
584 2578 631 2627 B
659 2600 728 2618 =
755 2578 800 2627 Z
825 2595 837 2628 ε
863 2578 935 2641 Η,
974 2577 1029 2627 et
1052 2579 1104 2627 A
1135 2590 1421 2627 numerum
1447 2575 1494 2624 Β
1519 2589 1631 2625 non
1655 2589 1762 2624 me-

71 1329 215 1369 Π·-

67 1807 120 1850 Θι
138 1834 473 1841 —————

186 2761 1760 2869 1)Νἶ1ωΞΙεΚ.--Η;Θ><ΘΞΚ61;ΗιΘτ-ΓεΕ,

266 2907 280 2938 l

202 2917 257 2941 uc
290 2908 412 2948 idon,
436 2907 518 2942 edd.
543 2908 710 2948 Heiberg
734 2909 772 2940 et
797 2907 944 2947 Menge.
988 2906 1039 2941 11.
1436 2899 1488 2939 19
