1988 3152
217 147 287 198 86
842 141 1178 189 mmmmm*
1210 142 1274 190 ς’.

217 261 504 333 ἀνάλογόν
552 265 694 317 εἰσιν
744 262 806 316 αἰ
854 263 1088 335 πλευραὶ
1134 265 1196 318 αἱ
1241 263 1366 334 περὶ
1405 262 1503 328 τὰς
1542 269 1665 329 ἴσας
1702 266 1910 334 γωνίας

214 352 308 406 καὶ
357 348 629 422 ὁμόλογοι
674 353 737 405 αἱ
777 342 887 406 ὑπὸ
936 349 1034 416 τὰς
1082 355 1205 417 ἴσας
1252 355 1461 421 γωνίας
1498 348 1908 407 ὑποτείνουσαι.

330 443 562 495 Κείσθω
602 437 710 511 γοὶρ
750 436 834 494 ἐπ’
879 437 1104 505 εὐθείας
1141 437 1176 510 ἡ
1216 444 1327 495 ΒΓ
1357 442 1424 511 τῇ
1465 443 1582 496 ΓΕ.
1659 439 1752 494 καὶ
1793 440 1910 495 ἐπεὶ

216 530 278 582 αἱ
326 525 436 582 ὑπὸ
475 530 678 596 ἈΒΓ,
715 526 886 581 ΑΓΒ
935 531 1135 597 γωνίαι
1202 527 1308 583 δύο
1372 525 1570 599 ὀρθῶν
1623 526 1910 593 ἐλάττονές

158 632 184 671 5
218 618 391 685 εἰσιν,
448 620 540 685 ἴση
597 613 659 669 δὲ
711 610 745 684 ἡ
801 612 910 670 ὑπὸ
968 619 1132 670 ΑΓΒ
1187 617 1253 687 τῇ
1300 612 1408 670 ὑπὸ
1457 619 1643 686 ΔΕΓ,
1698 617 1760 670 αἱ
1803 614 1912 687 ἄρα

215 701 327 759 ὑπὸ
368 708 556 773 ΑΒΓ,
583 709 638 758 A
648 702 760 758 ΕΓ
792 701 897 758 δύο
938 701 1133 774 ὀρθῶν
1165 701 1451 769 ἐλάττονές
1482 705 1647 758 εἰσιν·
1689 706 1751 758 αἱ
1787 709 1907 774 ΒΑ,

217 798 334 846 ΕΔ
358 790 469 864 ἄρα
502 790 900 861 ἐκβαλλόμεναι
936 794 1365 861 συμπεσοῦνται.
1442 791 1910 863 ἐκβεβλήσθωσαν

218 879 312 934 καὶ
352 880 811 951 συμπιπτέτωσαν
848 877 987 934 κατὰ
1024 877 1088 934 τὸ
1131 885 1190 935 Ζ.

328 967 444 1022 Καὶ
498 967 616 1023 ἐπεὶ
662 972 754 1037 ἴση
804 966 954 1022 ἐστὶν
1000 964 1035 1037 ἡ
1082 964 1192 1022 ὑπὸ
1242 973 1417 1023 ΔΓΕ
1459 971 1637 1039 γωνία
1684 971 1750 1041 τῇ
1801 964 1908 1023 ὑπὸ

130 1073 183 1113 10
216 1053 404 1127 ΑΒΓ,
450 1053 804 1128 παράλληλός
852 1057 1003 1111 ἐστιν
1041 1052 1076 1126 ἡ
1116 1061 1217 1110 ΒΖ
1256 1058 1322 1129 τῇ
1363 1060 1480 1111 ΓΔ.
1548 1057 1743 1126 πάλιν,
1795 1055 1912 1112 ἐπεὶ

215 1151 307 1215 ἴση
364 1144 515 1200 ἐστὶν
568 1141 603 1215 ἡ
659 1141 768 1199 ὑπὸ
826 1148 995 1199 ΑΓΒ
1043 1147 1113 1216 τῇ
1147 1141 1258 1199 ὑπὸ
1308 1149 1500 1214 ΔΕΓ,
1554 1143 1910 1216 παράλληλός

215 1234 366 1288 ἐστιν
420 1230 454 1303 ἡ
510 1236 625 1287 ΑΓ
669 1235 735 1304 τῇ
792 1237 910 1287 ΖΕ.
995 1231 1576 1304 παραλληλόγραμμον
1631 1230 1741 1304 ἄρα
1796 1231 1913 1287 ἐστὶ

212 1318 280 1375 τὸ
319 1325 557 1376 ΖΑΓΔ*
594 1326 686 1391 ἴση
726 1319 836 1393 ἄρα
875 1318 909 1392 ἡ
950 1320 1052 1392 μὲν
1093 1327 1193 1376 ΖΛ
1229 1325 1295 1394 τῇ
1339 1325 1463 1391 ΔΓ,
1510 1319 1544 1392 ἡ
1598 1320 1661 1376 δὲ
1700 1324 1816 1375 ΑΓ
1846 1322 1912 1392 τῇ

216 1415 340 1464 ΖΔ.
417 1409 509 1464 καὶ
565 1408 682 1464 ἐπεὶ
736 1408 1020 1479 τρνγοόνου
1067 1412 1169 1464 τοῦ
1221 1415 1388 1465 ΖΒΕ
1437 1407 1586 1482 παρὰ
1635 1413 1769 1480 μίαν
1808 1406 1912 1479 τὴν

130 1514 184 1554 15
218 1504 324 1553 ΖΕ
360 1491 522 1568 ἦκται
561 1498 595 1568 ἡ
635 1502 759 1567 ΑΓ,
790 1501 952 1562 ,ἔστιν
991 1496 1102 1570 ἄρα
1142 1495 1217 1563 ὡς
1255 1495 1289 1568 ἡ
1331 1503 1444 1552 ΒΛ
1475 1495 1615 1570 πρὸς
1645 1496 1749 1568 τὴν
1784 1502 1910 1568 ΑΖ,

215 1587 393 1652 οὕτως
446 1584 480 1657 ἡ
529 1590 641 1640 ΒΓ
679 1584 819 1657 πρὸς
864 1584 969 1656 τὴν
1008 1588 1125 1642 ΓΕ.
1214 1593 1305 1657 ἴση
1349 1585 1410 1641 δὲ
1449 1584 1483 1657 ἡ
1525 1593 1632 1641 ΑΖ
1671 1588 1737 1659 τῇ
1779 1590 1912 1640 ΓΔ·

215 1672 290 1740 ὡς
328 1673 439 1746 ἄρα
478 1671 512 1744 ἡ
552 1679 664 1729 ΒΑ
700 1672 842 1743 πρὸς
876 1672 982 1745 τὴν
1022 1678 1151 1745 ΓΛ,
1192 1672 1371 1741 οὕτως
1409 1672 1445 1745 ἡ
1483 1679 1595 1730 ΒΓ
1624 1672 1764 1747 πρὸς
1801 1672 1906 1745 τὴν

214 1767 343 1833 ΓΕ,
389 1762 483 1817 καὶ
529 1759 766 1828 ἐναλλὰξ
817 1759 892 1827 ὡς
946 1759 981 1833 ἡ
1024 1769 1135 1817 ΑΒ
1172 1762 1312 1835 πρὸς
1349 1762 1453 1835 τὴν
1492 1768 1613 1834 ΒΓ,
1654 1762 1832 1827 οὕτως
1870 1761 1904 1833 ἡ

215 1855 333 1906 ΔΓ
372 1848 511 1924 πρὸς
565 1848 670 1922 τὴν
723 1850 842 1905 ΓΕ.
925 1849 1120 1921 πάλιν,
1184 1851 1298 1907 ἐπεὶ
1353 1850 1707 1924 παράλληλός
1760 1852 1910 1906 ἐστιν

129 1936 254 2011 2οἡ
310 1943 422 1995 ΓΔ
470 1941 536 2013 τῇ
584 1943 714 2010 ΒΖ,
765 1943 916 1995 ἔστιν
962 1935 1072 2012 ἄρα
1122 1935 1197 2005 ὡς
1242 1936 1276 2010 ἡ
1318 1944 1430 1995 ΒΓ
1459 1938 1599 2013 πρὸς
1642 1937 1748 2011 τὴν
1786 1944 1910 2010 ΓΕ,

217 2025 408 2094 οὕτως·
440 2025 476 2099 ἡ
517 2031 631 2083 ΖΔ
668 2025 810 2100 πρὸς
855 2026 960 2099 τὴν
999 2034 1127 2085 ΔΕ.
1213 2034 1305 2099 ἴση
1348 2026 1410 2084 δὲ
1448 2025 1482 2099 ἡ
1523 2034 1637 2083 ΖΔ
1673 2031 1740 2102 τῇ
1781 2033 1910 2084 ΑΓ·

215 2113 290 2182 ὡς
330 2115 440 2189 ἄρα
478 2114 512 2187 ἡ
553 2121 664 2171 ΒΓ
694 2114 836 2189 πρὸς
871 2114 974 2187 τὴν
1013 2121 1141 2187 ΓΕ,
1190 2115 1369 2182 οὕτως
1406 2114 1442 2188 ἡ
1482 2122 1597 2172 ΑΓ
1628 2115 1767 2189 πρὸς
1805 2115 1910 2189 τὴν

216 2210 353 2275 ΔΕ,
409 2205 501 2259 καὶ
555 2203 789 2271 ἐναλλὰξ
844 2202 918 2270 ὡς
963 2202 999 2276 ἡ
1049 2208 1160 2260 ΒΓ
1198 2204 1338 2277 πρὸς
1383 2203 1489 2276 τὴν
1537 2209 1670 2275 ΓΑ,
1727 2205 1908 2271 οὕτως

215 2288 249 2362 ἡ
297 2297 407 2348 ΓΕ
446 2290 584 2365 πρὸς
629 2290 733 2362 τὴν
790 2298 918 2347 ΕΛ.
989 2291 1105 2347 ἐπεὶ
1153 2282 1258 2348 οὖν
1305 2294 1534 2364 ἐδείχθη
1581 2288 1657 2358 ὥς
1710 2291 1813 2364 μὲν
1870 2290 1904 2365 ἡ

126 2395 183 2437 25
216 2385 324 2435 AB
368 2378 509 2450 πρὸς
553 2377 655 2450 τὴν
705 2384 829 2450 ΒΓ,
877 2377 1057 2446 οὕτως
1101 2376 1136 2451 ἡ
1178 2384 1296 2435 ΔΓ
1325 2378 1465 2452 πρὸς
1511 2379 1616 2452 τὴν
1656 2386 1786 2453 ΓΕ,
1835 2379 1911 2448 ὡς

217 2467 279 2524 δὲ
317 2466 352 2540 ἡ
392 2468 503 2522 ΒΓ
531 2465 670 2539 πρὸς
708 2467 813 2539 τὴν
851 2472 991 2539 ΓΑ,
1032 2468 1208 2535 οὕτως
1245 2465 1280 2540 ἡ
1322 2472 1430 2525 ΓΕ
1464 2467 1604 2542 πρὸς
1640 2469 1743 2541 τὴν
1775 2477 1907 2542 ΕΔ,

217 2553 291 2611 δι’
343 2562 472 2612 ἴσου
510 2554 621 2627 ἄρα
676 2554 751 2621 ὡς
795 2553 830 2627 ἡ
871 2562 984 2612 ΒΛ
1022 2556 1161 2629 πρὸς
1206 2555 1311 2628 τὴν
1350 2560 1476 2629 ΑΓ,
1519 2558 1695 2623 οὕτως
1731 2556 1765 2630 ἡ
1806 2564 1911 2614 ΓΔ

215 2643 355 2717 πρὸς
392 2642 496 2716 τὴν
537 2648 665 2699 ΔΕ.

336 2768 379 2807 4.
412 2759 503 2812 δύα
542 2759 597 2806 αἴ
609 2759 696 2806 δύο
714 2760 764 2817 Ρ,
790 2776 906 2808 corr.
924 2778 984 2807 m.
1012 2767 1051 2807 1.
1101 2755 1348 2813 ἐλάσσυνες
1373 2761 1427 2808 V.
1521 2768 1562 2809 6.
1588 2758 1835 2816 ἐλάσσονες
1850 2763 1906 2809 V.

220 2821 288 2866 10.
322 2817 467 2880 ἐστιν]
547 2856 558 2877 ,
588 2821 624 2864 F
655 2836 716 2865 m.
753 2827 798 2877 13
832 2819 926 2878 ἄρα
961 2819 1086 2865 ἐστίν
1117 2821 1268 2878 BVp,
1300 2821 1336 2866 F
1368 2836 1428 2865 m.
1462 2826 1504 2866 2.
1567 2821 1821 2879 Sequentia
1859 2822 1908 2867 in

217 2894 306 2924 ras.
340 2895 401 2925 m.
432 2887 453 2925 1
480 2896 526 2937 p.
649 2884 718 2924 12.
753 2876 874 2938 ἐστί]
903 2876 1027 2924 ἐστίν
1051 2879 1102 2935 Ρ,
1129 2894 1279 2937 comp.
1303 2895 1348 2937 p.
1473 2885 1540 2925 13.
1576 2883 1769 2940 ΖΑΓΔ]
1797 2884 1841 2925 Γ
1859 2881 1908 2926 in

217 2952 306 2983 ras.
339 2939 389 2983 B.
537 2940 655 2998 ΔΓ]
692 2941 736 2983 Γ
761 2938 810 2983 in
840 2952 928 2983 ras.
960 2953 1014 2995 p3
1050 2942 1133 2983 ΓΔ
1163 2939 1219 2996 V,
1253 2953 1367 2984 corr.
1400 2954 1460 2986 m.
1493 2944 1534 2983 2.
1681 2945 1748 2984 14.
1792 2941 1906 2999 ZA]
