1988 3152
193 176 300 230 218
822 175 1159 219 ΣΤοΙΧΕΙῼΝ
1190 173 1247 228 ζ’.

287 295 579 351 ’Ἑστωσαν
617 293 877 365 τέσσαρες
915 291 1152 365 ἀριθμοὶ
1190 290 1475 364 ἀνάλογον
1515 295 1572 348 οἱ
1607 301 1678 364 A,
1718 299 1784 363 Β,
1823 297 1886 363 Γ,

193 390 267 455 Δ,
309 380 383 448 ὡς
415 379 444 437 6
474 388 528 435 A
557 379 696 455 πρὸς
726 380 828 437 τὸν
851 387 918 452 Β,
959 378 1135 446 οὕτως
1169 378 1197 435 6
1222 385 1275 435 Γ
1299 379 1439 453 πρὸς
1468 380 1569 437 τὸν
1595 388 1671 436 A·
1726 381 1887 452 λέγω,

151 528 154 532 ,
194 470 280 528 ὅτι
317 470 411 526 καὶ
451 468 688 536 ἐναλλὰξ
727 468 1017 540 ἀνάλογον
1056 473 1296 540 ἔσονται,
1339 467 1413 535 ὡς
1451 467 1474 526 ἱ
1521 477 1575 525 A
1611 468 1750 542 πρὸς
1787 469 1887 525 τὸν

107 1104 161 1144 10

107 1604 162 1646 15

106 2055 163 2095 20

106 2496 165 2537 25

194 565 257 631 Γ,
300 559 478 623 οὕτως
518 556 548 614 6
589 565 638 614 Β
677 557 816 631 πρὸς
853 557 953 615 τὸν
994 565 1064 614 Δ.

301 645 450 703 Ἐπεὶ
496 647 604 720 γάρ
654 649 803 703 ἐστιν
852 645 926 713 ὡς
964 644 994 703 6
1036 654 1089 703 A
1126 644 1266 719 πρὸς
1303 645 1406 702 τὸν
1443 653 1515 717 Β,
1558 647 1734 712 οὕτως
1773 645 1802 702 6
1842 652 1895 702 Γ

192 734 332 808 πρὸς
368 734 471 791 τὸν
510 743 591 807 A,
634 733 664 792 ὃ
705 735 815 808 ἄρα
854 737 1022 808 μέρος
1060 735 1212 791 ἐστὶν
1253 733 1282 791 6
1324 743 1378 790 A
1414 738 1516 791 τοῦ
1556 741 1602 791 Β
1650 732 1685 806 ἢ
1734 736 1890 806 μέρη,

192 823 256 880 τὸ
306 822 444 880 αὐτὸ
485 825 653 897 μέρος
691 825 807 880 ἐστὶ
845 825 938 879 καὶ
978 821 1008 879 6
1050 829 1103 879 Γ
1133 827 1235 879 τοῦ
1277 830 1333 878 A
1371 821 1406 895 ἢ
1445 826 1512 879 τὰ
1551 821 1692 879 αὐτὰ
1738 825 1890 894 μέρη.

194 911 431 979 ἐναλλὰξ
479 911 614 985 ἄρα,
662 909 692 968 ὃ
743 914 910 985 μέρος
957 912 1111 968 ἐστὶν
1152 910 1181 968 6
1222 920 1276 968 A
1314 917 1416 968 τοῦ
1454 918 1507 968 Γ
1539 909 1572 984 ἢ
1614 913 1777 985 μέρη,
1825 911 1887 968 τὸ

194 999 330 1057 αὐτὸ
363 1002 529 1074 μέρος
563 1001 679 1057 ἐστὶ
709 1002 803 1056 καὶ
836 998 864 1057 6
892 1007 940 1056 Β
970 1003 1074 1056 τοῦ
1100 1007 1155 1055 A
1186 997 1220 1072 ἢ
1254 1001 1322 1056 τὰ
1355 1000 1495 1058 αὐτὰ
1530 1002 1683 1074 μέρη.
1739 1004 1890 1056 ἔστιν

193 1088 304 1163 ἄρα
350 1087 424 1156 ὥς
472 1088 502 1146 6
550 1098 604 1146 A
648 1088 788 1160 πρὸς
833 1088 934 1146 τὸν
981 1094 1044 1160 Γ,
1093 1089 1271 1156 οὕτως
1318 1087 1349 1146 6
1390 1096 1437 1145 Β
1487 1089 1627 1162 πρὸς
1671 1088 1772 1146 τὸν
1813 1097 1889 1145 A·

193 1179 328 1249 ὅπερ
369 1182 483 1234 ἔδει
523 1181 713 1246 δεῖξαι.

993 1310 1089 1369 ιδ’.

298 1413 445 1471 Ἐὰν
508 1409 671 1472 αἷσιν
735 1413 1105 1471 ὁποσοιοῦν
1174 1412 1456 1486 ἀριθμοὶ
1524 1414 1631 1470 καὶ
1699 1413 1890 1470 ἄλλοι

196 1501 425 1570 αὐτοῖς
472 1510 609 1560 ἴσοι
655 1503 725 1559 τὸ
785 1506 1039 1574 πλῆθος
1100 1501 1353 1558 σύνδυο
1393 1501 1889 1574 λαμβανόμενοι

193 1593 302 1648 καὶ
342 1595 410 1649 ἐν
449 1595 532 1669 τῷ
567 1590 739 1668 αὐτῷ
779 1590 978 1667 λόγῳ,
1019 1591 1126 1646 καὶ
1168 1589 1250 1646 δι’
1294 1598 1443 1647 ἴσον
1483 1593 1555 1647 ἐν
1593 1594 1675 1665 τῷ
1717 1588 1889 1666 αὐτῷ

194 1682 364 1757 λόγῳ
406 1685 692 1737 ἔσονται.

289 1767 583 1826 ’Έστωσαν
616 1766 925 1825 ὁποσοιοῦν
957 1765 1195 1841 ἀριθμοὶ
1228 1770 1287 1823 οἱ
1314 1775 1392 1839 A,
1424 1774 1498 1838 Β,
1531 1773 1585 1824 Γ
1607 1768 1699 1823 καὶ
1730 1766 1891 1824 ἄλλοι

194 1856 386 1923 αὐτοῖς
433 1864 545 1913 ἴσοι
592 1856 673 1918 τὸ,
706 1859 926 1928 πλῆθος
978 1855 1193 1913 σύνδυο
1242 1855 1658 1927 λαμβανόμενοι
1706 1857 1766 1912 ἐν
1815 1860 1891 1932 τῷ

194 1945 345 2022 αὐτῷ
393 1945 544 2017 λόγῳ
602 1948 660 2001 oc
705 1952 783 2016 A,
825 1952 898 2017 E,
939 1951 1009 2016 Z,
1057 1942 1131 2011 ὡς
1176 1944 1279 2016 μὲν
1327 1942 1356 2000 6
1397 1952 1451 2000 A
1496 1943 1634 2017 πρὸς
1671 1943 1773 2000 τὸν
1824 1950 1892 2014 Β,

197 2035 375 2100 οὕτως
414 2032 443 2090 6
486 2041 541 2089 A
580 2031 719 2106 πρὸς
755 2033 856 2089 τὸν
897 2039 963 2104 Ε,
1003 2031 1078 2099 ὡς
1117 2033 1179 2089 δὲ
1219 2032 1249 2089 6
1290 2038 1337 2088 Β
1376 2033 1517 2105 πρὸς
1554 2032 1654 2088 τὸν
1695 2036 1757 2103 Γ,
1798 2032 1892 2087 οὕ-

193 2145 301 2189 τως
349 2121 378 2179 6
420 2129 472 2178 E
515 2121 654 2195 πρὸς
700 2121 802 2177 τὸν
843 2128 908 2177 Ζ·
972 2122 1141 2193 λέγω,
1189 2120 1276 2178 ὅτι
1319 2122 1413 2177 καὶ
1461 2119 1528 2177 δι’
1574 2128 1700 2177 ἴσον
1741 2120 1892 2176 ἐστὶν

195 2210 272 2278 ὡς
311 2209 341 2267 6
382 2218 436 2267 A
473 2210 615 2283 πρὸς
651 2209 751 2267 τὸν
791 2215 855 2281 Γ,
897 2210 1074 2276 οὕτως
1112 2207 1142 2265 6
1184 2216 1240 2264 A
1276 2207 1417 2280 πρὸς
1452 2208 1554 2266 τὸν
1595 2215 1654 2265 Ζ.

301 2299 450 2356 Ἐπεὶ
489 2300 597 2373 γάρ
638 2302 790 2356 ἐστιν
831 2296 906 2365 ὡς
946 2296 975 2355 6
1017 2306 1070 2354 A
1108 2297 1248 2371 πρὸς
1286 2298 1388 2355 τὸν
1427 2305 1501 2369 Β,
1550 2297 1726 2364 οὕτως
1765 2295 1795 2353 6
1838 2305 1892 2353 A

195 2388 338 2460 πρὸς
376 2387 477 2444 τὸν
519 2395 591 2460 Ε,
633 2386 868 2454 ἐναλλὰξ
908 2386 1018 2460 ἄρα
1058 2388 1210 2443 ἐστὶν
1250 2385 1323 2454 ὡς
1363 2385 1392 2443 6
1424 2395 1478 2443 A
1516 2387 1655 2460 πρὸς
1692 2386 1792 2443 τὸν
1819 2394 1892 2458 Δ,

198 2477 375 2543 οὕτως
423 2475 451 2533 6
495 2484 542 2533 Β
589 2475 730 2551 πρὸς
773 2488 876 2533 τον
916 2482 979 2533 Ε.
1054 2475 1252 2547 πάλιν,
1301 2478 1423 2532 ἐπεί
1464 2478 1614 2533 ἐστιν
1661 2473 1734 2540 ὥς
1774 2473 1802 2531 6
1845 2481 1892 2531 Β

195 2564 333 2638 πρὸς
378 2564 479 2621 τὸν
527 2571 590 2637 Γ,
648 2564 828 2631 οὕτως
875 2563 904 2621 6
953 2571 1005 2620 E
1048 2564 1189 2638 πρὸς
1234 2562 1335 2621 τὸν
1381 2571 1453 2635 Ζ,
1502 2563 1736 2631 ἐναλλὰξ
1783 2563 1893 2636 ἄρα

197 2655 346 2711 ἐστὶν
395 2651 468 2719 ὡς
516 2651 545 2709 6
586 2660 634 2709 Β
680 2653 821 2726 πρὸς
864 2652 964 2710 τὸν
1004 2660 1078 2724 Ε,
1128 2653 1304 2720 οὕτως
1352 2651 1382 2709 6
1422 2657 1477 2708 Γ
1506 2651 1643 2726 πρὸς
1682 2652 1785 2709 τὸν
1831 2659 1891 2708 Ζ.

198 2741 272 2808 ὥς
312 2741 373 2798 δὲ
414 2739 443 2798 6
484 2748 531 2797 Β
570 2741 711 2814 πρὸς
749 2741 849 2798 τὸν
889 2748 956 2813 Ε,
997 2740 1176 2807 οὕτως
1214 2739 1243 2797 6
1277 2748 1330 2797 A
1367 2739 1507 2814 πρὸς
1544 2741 1753 2798 τὸν’Δ·
1799 2741 1892 2797 καὶ

317 2895 357 2935 9.
391 2890 456 2949 Β]
490 2904 515 2935 e
549 2903 665 2935 corr.
696 2889 751 2934 V.
816 2886 932 2945 μέρη
965 2886 1023 2933 τά
1055 2885 1178 2934 αὕτα
1209 2904 1255 2946 p.
1380 2891 1449 2933 15.
1481 2889 1591 2947 καί]
1626 2902 1716 2935 om.
1747 2890 1891 2948 thp.

197 2946 339 3010 λόγῳ]
371 2965 433 2996 m.
465 2962 557 2995 rec.
590 2949 641 2996 B.
767 2953 837 2993 17.
871 2948 936 3006 Γ]
972 2952 1033 3005 Γ,
1065 2953 1108 2992 Δ
1138 2964 1182 3006 p.
1304 2952 1376 2993 2⁷.
1410 2943 1493 3007 ὥς]
1528 2962 1616 2993 om.
1650 2964 1694 3006 p.
