1988 3152
548 73 1009 117 ELEMENTORUM
1038 73 1221 115 LIBER
1251 69 1306 113 V.
1751 67 1786 120 5

209 199 255 250 7.
294 194 390 250 Sin
439 213 504 248 ex
543 212 711 263 aeque
757 193 1149 262 multiplicibus
1162 190 1198 254 1>
1245 191 1454 261 primae
1501 187 1786 256 multiplex

93 285 449 355 multiplicem
481 281 745 338 secundae
778 285 1018 351 superat,
1057 282 1253 334 tertiae
1286 281 1468 334 autem
1499 276 1787 344 multiplex

93 374 450 442 multiplicem
482 373 707 442 quartae
738 388 850 423 non
883 372 1123 439 superat,
1154 372 1274 422 tum
1305 367 1483 438 prima
1508 365 1577 418 ad
1604 382 1787 418 secun-

94 463 217 515 dam
273 462 535 514 maiorem
589 460 862 512 rationem
914 443 1117 511 habere
1173 457 1369 510 dicitur
1408 473 1573 524 quam
1625 453 1789 506 tertia

93 551 162 604 ad
200 554 463 620 quartam.

93 703 109 721 “
205 639 251 691 8.
292 637 583 707 Proportio
610 638 812 689 ‘autem
859 636 917 689 in
963 635 1138 687 tribus
1185 632 1434 687 terminis
1483 631 1787 684 consistens

93 727 319 780 minima
352 730 447 779 est.

206 816 255 868 9.
291 814 348 868 Si
364 818 476 868 tres
501 812 904 884 magnitudines
929 808 1425 881 proportionales2)
1451 812 1592 877 sunt,
1615 808 1790 877 prima

8 891 20 900 ⁸
93 904 161 957 ad
207 904 427 956 tertiam
475 902 807 971 duplicatam
853 900 1122 954 rationem
1171 917 1334 969 quam
1382 898 1449 951 ad
1499 897 1789 951 secundam

92 994 292 1046 habere
332 992 544 1045 dicitur.

209 1081 291 1134 10.
348 1078 443 1132 Sin
507 1082 765 1148 quattuor
824 1077 1230 1147 magnitudines
1291 1074 1728 1145 proportionales
1742 1071 1786 1144 3)

95 1173 243 1238 sunt,
281 1169 459 1238 prima
505 1167 573 1221 ad
620 1170 868 1237 quartam
922 1166 1258 1237 triplicatam
1305 1164 1576 1217 rationem
1627 1180 1791 1232 quam

94 1258 161 1311 ad
203 1257 491 1311 secundam
529 1257 729 1309 habere
770 1255 987 1324 dicitur,
1038 1258 1092 1308 et
1131 1254 1318 1308 eodem
1365 1253 1526 1307 modo
1576 1270 1788 1322 semper

96 1347 346 1416 deinceps
359 1389 373 1414 ,
420 1346 808 1415 qualiscunque
849 1345 978 1398 data
1018 1347 1101 1397 est
1139 1344 1439 1413 proportio.

213 1438 293 1488 11.
333 1434 747 1504 Respondentes
803 1426 1204 1505 magnitudines
1266 1432 1520 1485 dicuntur
1574 1448 1789 1502 praece-

98 1525 287 1578 dentes
326 1523 770 1593 praecedentibus
779 1565 794 1592 ,
834 1524 1120 1592 sequentes
1163 1520 1531 1590 sequentibus,

209 1614 290 1666 12.
330 1613 647 1666 Permutata
694 1612 836 1665 ratio
889 1614 994 1681 est,
1047 1611 1142 1664 ubi
1191 1610 1424 1663 sumitur
1465 1593 1790 1679 praecedens

101 1703 168 1756 ad
206 1702 614 1772 praecedentem
655 1704 708 1754 et
748 1719 976 1771 sequens
1016 1700 1085 1753 ad
1124 1702 1451 1769 sequentem.

213 1791 296 1844 13.
333 1790 560 1843 Inuersa
597 1790 740 1843 ratio
781 1792 879 1858 est,
918 1789 1012 1842 ubi
1053 1788 1287 1842 sumitur
1321 1805 1549 1857 sequens
1582 1803 1796 1856 praece-

105 1879 285 1933 dentis
323 1880 444 1932 loco
486 1879 552 1932 ad
591 1878 1006 1948 praecedentem
1046 1877 1323 1946 sequentis
1361 1877 1498 1930 loco,
1593 1946 1596 1947 ⁷

216 1969 299 2021 14.
339 1966 676 2036 Compositio
728 1967 959 2020 rationis
1011 1969 1114 2035 est,
1160 1966 1255 2019 ubi
1302 1966 1532 2018 sumitur
1577 1981 1791 2034 praece-

98 2057 229 2109 dens
269 2073 392 2108 cum
432 2056 681 2124 sequenti
712 2073 810 2125 pro
843 2072 952 2107 una
986 2054 1053 2106 ad
1091 2053 1263 2106 solam
1308 2056 1637 2123 sequentem.

217 2217 260 2272 1)
294 2217 395 2259 Non
443 2228 602 2259 omnes
642 2228 790 2271 aeque
837 2212 1125 2270 multiplices
1174 2226 1274 2258 esse
1331 2212 1525 2271 debent,
1574 2213 1656 2257 sed
1702 2212 1795 2270 pri-

96 2288 200 2378 ma}
229 2276 297 2378 fet
342 2273 510 2318 tertiae
557 2286 706 2330 aeque
753 2272 1062 2330 multiplices,
1110 2273 1340 2318 secundae
1388 2274 1438 2317 et
1484 2273 1694 2329 quartae,
1743 2274 1797 2317 ut
1818 2280 1824 2289 ²

96 2333 146 2378 in
202 2347 227 2378 e
249 2369 260 2379 .
286 2338 327 2377 5.

214 2394 261 2450 2)
294 2392 366 2438 Sc.
408 2391 627 2475 deinceps
669 2389 807 2450 (κατὰ
850 2388 902 2436 τὸ
943 2389 1177 2449 συνεχές),
1217 2391 1262 2436 h.
1298 2405 1335 2437 e.
1372 2391 1410 2435 si
1442 2407 1473 2437 α
1498 2411 1508 2436 2
1535 2393 1561 2437 b
1587 2413 1643 2429 =
1669 2393 1694 2437 b
1722 2411 1732 2436 :
1758 2406 1793 2448 c,

97 2450 611 2497 erita20=a22b.

214 2514 259 2568 3)
293 2510 362 2555 Sc.
408 2510 628 2568 deinceps
673 2506 812 2567 (κατὰ
853 2507 905 2554 τὸ
949 2508 1181 2567 συνεχές);
1223 2510 1303 2555 cfr.
1343 2504 1431 2567 XI,
1472 2516 1543 2556 33.
1584 2509 1630 2555 h.
1673 2524 1712 2555 e.
1755 2510 1794 2554 si

95 2571 678 2626 azb=*b:e=c:d,
711 2568 1234 2615 erita2d=a³zb³.

99 2731 188 2804 ἕφς
219 2732 330 2805 FY,
350 2748 385 2804 p
409 2749 470 2779 m.
504 2746 596 2778 rec.
722 2738 792 2779 15.
826 2730 1089 2800 ἡγούμενα]
1116 2729 1168 2789 ἡ·
1194 2746 1218 2777 e
1252 2746 1366 2778 corr.
1391 2747 1452 2776 m.
1487 2737 1513 2776 2
1545 2731 1600 2776 V.
1725 2736 1795 2775 16.

93 2809 152 2837 τα
185 2791 238 2837 δὲ
276 2808 487 2852 επομενα
529 2793 645 2851 τοῖς]
686 2807 747 2837 m.
789 2797 815 2837 2
856 2806 906 2837 in
951 2805 1039 2836 ras.
1079 2791 1136 2837 V.
1261 2798 1328 2837 19.
1379 2787 1503 2836 ἐστίν
1551 2790 1598 2835 F.
1722 2795 1793 2835 21.

0 2872 4 2914 j
96 2848 221 2897 ἐστίν
244 2850 296 2897 Β.
418 2851 524 2911 τοῦ]
557 2851 719 2898 insert.
750 2867 812 2897 m.
847 2858 872 2896 2
905 2852 955 2896 F.
