1988 3152
116 1047 170 1087 10

115 1491 170 1532 15

111 2023 169 2064 20

208 115 318 169 264
835 118 1172 162 ΣΤΟῙΧΕΙῼΝ
1204 115 1262 172 ζ’.

206 232 316 291 ὑπὸ
363 244 476 292 τῶν
515 241 588 306 Γ,
629 242 684 289 A
740 236 1023 306 ἐλάχιστος
1063 237 1437 308 μετρούμενος
1486 235 1727 309 ἀριθμὸς
1767 236 1797 294 5
1837 246 1896 294 Ε.

206 324 322 379 ἐπεὶ
370 327 430 380 οἱ
463 331 541 394 A,
580 329 628 378 Β
676 321 775 379 τὸν
815 330 872 378 A
917 327 1250 396 μετροῦσιν,
1301 324 1331 380 5
1380 325 1443 381 δὲ
1482 333 1538 380 A
1581 324 1682 380 τὸν
1721 332 1773 380 Ε
1807 347 1896 397 με-

203 423 345 483 τρεῖ,
392 412 484 467 καὶ
532 414 591 467 οἰ
627 419 704 482 A,
760 418 806 467 Β
847 410 956 485 ἄρα
994 410 1094 468 τὸν
1132 418 1186 467 Ε
1221 416 1535 485 μετροῦσιν.
1613 426 1801 486 μετρεῖ
1834 412 1896 468 δὲ

202 501 294 556 καὶ
336 500 366 556 5
399 506 452 556 Γ
472 499 594 570 [τὸν
619 507 687 556 E·
721 501 836 570 καὶ]
863 504 923 557 ὀἱ
950 509 1022 570 A,
1052 508 1119 572 Β,
1151 506 1206 556 Γ
1236 500 1346 571 ἄρα
1377 501 1476 558 τὸν
1509 509 1561 557 Ε
1581 504 1897 574 μετροῦσιν.

203 591 344 660 λέγω
394 590 491 660 δή,
540 587 624 644 ὅτι
670 589 763 644 καὶ
811 590 1116 660 ἐλάχιστον.
1195 593 1246 644 εἰ
1282 593 1387 662 γὰρ
1427 591 1521 661 μή,
1562 591 1905 661 μετρήσουσί

202 700 328 733 τινα
368 680 426 733 015
461 685 532 747 A,
571 683 638 748 Β,
678 683 732 732 Γ
765 678 1040 733 ἐλάσσονα
1080 676 1215 732 ὄντα
1254 681 1356 732 τοῦ
1394 684 1456 732 Ε.
1525 682 1897 749 μετρείτωσαν

201 765 299 822 τὸν
334 772 394 822 Ζ.
449 765 564 822 ἐπεὶ
604 767 663 820 οἱ
689 772 760 835 A,
792 771 858 836 Β,
889 771 944 820 Γ
974 764 1074 821 τὸν
1107 772 1152 820 Ζ
1183 769 1500 837 μετροῦσιν,
1538 766 1630 821 καὶ
1663 769 1721 821 οἱ
1749 773 1818 835 A,
1851 771 1897 820 Β

202 853 311 927 ἄρα
349 853 448 910 τὸν
489 860 534 908 Ζ
574 857 895 927 μετροῦσιν·
958 853 1051 908 καὶ
1092 853 1122 909 5
1164 856 1446 926 ἐλάχιστος
1486 853 1594 927 ἄρα
1632 851 1743 909 ὑπὸ
1783 856 1897 909 τῶν

201 951 272 1013 Α,
314 949 359 998 Β
399 943 772 1014 μετρούμενος
801 940 902 997 τὸν
943 947 987 995 Ζ
1027 943 1299 1014 μετρήσει.
1367 945 1649 1015 ἐλάχιστος
1689 943 1751 998 δὲ
1788 940 1900 998 ὑπο

201 1034 314 1088 τῶν
351 1037 430 1101 A,
470 1038 517 1087 Β
565 1031 938 1102 μετρούμενός
986 1033 1135 1086 ἐστιν
1184 1028 1213 1086 5
1253 1037 1329 1085 A·
1394 1029 1423 1087 5
1464 1038 1520 1086 A
1566 1029 1675 1103 ἄρα
1712 1029 1813 1086 τὸν
1855 1036 1900 1085 Ζ

202 1131 402 1193 μετρεῖ.
477 1131 666 1193 μετρεῖ
701 1118 764 1174 δὲ
802 1119 895 1174 καὶ
935 1116 966 1174 5
1005 1123 1058 1175 Γ
1090 1118 1205 1177 τὸν,
1230 1125 1295 1174 Ζ·
1360 1122 1418 1175 οἱ
1455 1126 1527 1189 A,
1566 1123 1621 1174 Γ
1651 1117 1759 1191 ἄρα
1797 1140 1899 1174 τον

203 1215 250 1264 Ζ
296 1217 614 1280 μετροῦσιν·
679 1205 818 1263 ὥστε
868 1207 960 1262 καὶ
1010 1205 1039 1263 5
1089 1208 1373 1279 ἐλάχιστος
1416 1206 1526 1263 ὑπὸ
1573 1210 1686 1263 τῶν
1734 1214 1812 1278 A,
1852 1211 1907 1263 Γ

201 1297 574 1370 μετρούμενος
611 1295 711 1352 τὸν
753 1302 797 1350 Ζ
833 1297 1105 1369 μετρήσει.
1145 1293 1175 1350 5
1216 1294 1278 1350 δε
1318 1296 1600 1367 ἐλάχιστος
1638 1295 1747 1351 ὑπὸ
1787 1299 1900 1351 τῶν

201 1391 266 1458 Γ,
293 1393 348 1442 A
387 1386 760 1458 μετρούμενός
799 1386 949 1440 ἐστιν
990 1384 1019 1441 5
1046 1391 1116 1440 E·
1180 1384 1210 1440 5
1250 1391 1301 1440 E
1343 1383 1452 1458 ἄρα
1497 1387 1597 1441 τὸν
1634 1391 1678 1439 Ζ
1717 1395 1905 1456 μετρεῖ

204 1473 234 1531 5
282 1480 482 1547 μείζων
528 1495 628 1530 τον
677 1474 976 1529 ἐλάσσονα·
1040 1471 1175 1545 ὅπερ
1224 1473 1374 1528 ἐστὶν
1422 1471 1719 1529 ἀδύνατον.
1798 1472 1900 1529 οὐκ

201 1562 310 1636 άρα
358 1566 416 1619 oc
452 1570 532 1633 A,
572 1569 645 1633 Β,
686 1566 739 1617 Γ
778 1562 1121 1645 μετρήσουσί
1161 1583 1287 1617 τινα
1327 1560 1575 1633 ἀριθμὸν
1626 1564 1900 1618 ἐλάσσονα

202 1651 337 1708 ὄντα
375 1655 476 1708 τοῦ
510 1658 572 1707 Ε.
635 1647 665 1707 5
706 1657 758 1705 E
794 1648 903 1722 ἄρα
943 1651 1227 1723 ἐλάχιστος
1267 1647 1347 1707 ὢν
1386 1648 1497 1706 ὑπὸ
1528 1654 1642 1706 τῶν
1667 1659 1738 1722 Α,
1762 1658 1828 1722 Β,
1853 1656 1909 1707 Γ

202 1752 499 1814 μετρεῖται·
555 1738 690 1810 ὅπερ
731 1742 843 1794 ἔδει
885 1740 1075 1806 δεῖξαι.

997 1901 1103 1968 λζ’.

309 2003 454 2060 Ἐὰν
502 2001 791 2077 άριθμος
839 2001 964 2059 ὑπό
1003 2025 1185 2069 τινος
1225 2001 1515 2076 ἀριθμοῦ
1559 2008 1900 2075 μετρῆται,

201 2093 232 2162 ὁ
294 2094 745 2166 μετρούμενος
808 2089 1168 2164 ὁμώνυμον
1227 2093 1422 2164 μέρος
1476 2093 1604 2159 ἕξει
1657 2095 1740 2168 τῷ
1796 2115 1900 2164 με-

198 2185 491 2255 τροῦντα

306 2269 572 2344 Ἀριθμὸς
616 2269 724 2342 γὰρ
774 2269 803 2326 5
845 2276 898 2325 A
944 2269 1055 2326 ὑπό
1104 2291 1255 2334 τινος
1294 2266 1544 2342 ἀριθμοῦ
1583 2272 1684 2326 τοῦ
1724 2276 1771 2326 Β
1812 2292 1899 2342 με-

263 2423 302 2463 1.
334 2414 542 2474 ἀριθμός
598 2432 688 2462 om.
722 2433 766 2474 p.
888 2423 929 2464 2.
962 2418 1183 2474 μετροῦσι
1215 2416 1319 2472 Vq).
1444 2418 1538 2488 Δ]
1548 2430 1663 2462 corr.
1707 2430 1762 2460 ex
1801 2422 1837 2461 A
1867 2434 1898 2476 p

198 2491 260 2520 m.
302 2481 343 2520 2.
467 2482 507 2521 3.
579 2479 654 2522 ost
693 2480 727 2520 B
767 2476 815 2520 in
854 2491 885 2533 p
917 2492 976 2521 m.
1012 2482 1038 2521 2
1070 2476 1230 2521 insert.
1279 2477 1331 2519 Γ.
1395 2473 1703 2532 μετρήσουσιν
1736 2477 1786 2532 Ρ,
1821 2493 1899 2534 με·

199 2536 363 2592 τροῦσι
392 2535 504 2591 Vq),
538 2550 687 2593 comp.
720 2551 765 2593 p
889 2540 1203 2591 μετρεῖ-«4ε
1245 2535 1519 2593 μετροῦσιν]
1565 2548 1654 2581 om.
1689 2551 1732 2592 p.
1856 2541 1899 2580 4.

199 2595 283 2639 τὸν
316 2596 370 2640 Ε.
434 2596 544 2652 καί]
580 2609 669 2639 om.
703 2594 752 2639 P
878 2594 944 2653 Γ]
980 2609 1120 2651 supra.
1151 2610 1206 2639 m
1245 2599 1270 2638 2
1303 2593 1358 2637 V.
1422 2592 1703 2650 μετρήσουσι
1734 2595 1787 2650 Ρ,
1821 2611 1899 2651 με·

199 2653 362 2710 τροῦσι
393 2653 498 2709 ch.
653 2657 693 2698 5.
727 2650 816 2712 δή]
858 2668 946 2698 om.
979 2653 1083 2710 ch.
1235 2650 1544 2723 μετρήσουσιν
1576 2653 1627 2707 Β,
1661 2667 1811 2725 comp.
1822 2669 1899 2726 Ρ,

202 2712 424 2770 μετροῦσι
457 2713 560 2767 Vq).
687 2719 725 2758 6.
730 2713 895 2781 τινα]
928 2727 1018 2757 om.
1047 2727 1103 2787 p.
1174 2728 1281 2756 τινα
1314 2707 1539 2756 ἐλάττονα
1572 2709 1784 2769 ἀριθμὸν
1818 2709 1898 2755 ὅν-

200 2788 258 2815 τα
297 2786 342 2828 p.
497 2776 536 2816 7.
581 2772 853 2828 μετροῦσιν,
894 2771 975 2815 καὶ
1014 2770 1064 2816 οἵ
1081 2776 1156 2845 A,
1188 2775 1225 2814 Β
1258 2767 1351 2825 ἄρα
1381 2766 1465 2814 τὸν
1499 2771 1561 2828 Ζ]
1603 2786 1698 2828 mg.
1732 2788 1767 2827 φ
1801 2773 1899 2828 (με-

199 2830 392 2886 τροῦσι).
457 2831 677 2887 μετροῦσι
707 2830 801 2887 Vp.
924 2831 1005 2874 καὶ
1049 2847 1094 2875 οι
1131 2833 1190 2900 A,
1223 2833 1259 2873 Β
1301 2826 1395 2885 ἄρα
1435 2827 1518 2874 τὸν
1562 2833 1596 2873 Ζ
1627 2830 1898 2898 μετροῦσιν]

199 2904 294 2947 mg.
317 2903 375 2935 m.
404 2893 430 2933 2
456 2889 512 2934 V.
636 2893 677 2933 8.
713 2881 983 2949 μετροῦσιν]
1013 2866 1295 2947 μετρήσουσι
1318 2888 1376 2946 V,
1409 2902 1557 2946 comp.
1590 2904 1638 2946 p,
1662 2888 1712 2934 in
1735 2901 1820 2933 ras.
1847 2905 1897 2944 φ.
