1988 3152
261 87 332 140 32
897 86 1234 131 ΣΤΟΙΧΕΙῼΝ
1265 81 1325 131 ε’.

1071 257 1090 288 ι
1122 276 1134 288 .

379 341 520 394 Τῶν
566 337 728 406 πρὸς
773 334 844 391 τὸ
894 333 1052 392 αὐτὸ
1093 336 1296 408 λόγον
1344 336 1636 408 ἐχόντων
1687 334 1758 391 τὸ
1815 339 1951 406 μεί-

262 432 415 494 ζονα
454 426 661 496 λόγον
701 429 851 498 ἔχον
892 427 1107 481 ἐκεῖνο
1161 424 1386 496 μεῖζόν
1426 427 1633 481 ἐστιν·
1718 423 1880 496 πρὸς
1919 421 1949 479 ὃ

262 514 332 568 δὲ
369 512 440 569 τὸ
481 511 640 570 αὐτὸ
679 519 949 586 μείζονα
988 514 1191 585 λόγον
1223 518 1378 586 ἔχει,
1421 516 1637 571 ἐκεῖνο
1678 511 1953 568 ἔλαττόν

202 617 227 656 5
263 603 456 657 ἐστιν.

367 688 562 762 Ἐχέτω
610 690 718 761 γὰρ
757 689 819 746 τὸ
861 698 915 746 A
952 690 1093 761 πρὸς
1129 689 1191 746 τὸ
1234 695 1288 746 Γ
1320 694 1544 762 μείζονα
1593 690 1767 761 λόγον
1813 688 1952 762 ἥπερ

261 777 324 834 τὸ
366 784 414 834 Β
453 776 593 849 πρὸς
630 777 694 836 τὸ
735 783 802 834 Γ·
843 780 1010 849 λέγω,
1060 777 1146 834 ὅτι
1186 778 1374 850 μεῖζόν
1415 781 1529 835 ἐστὶ
1567 778 1629 835 τὸ
1672 786 1725 834 Α
1755 782 1857 835 τοῦ
1891 785 1954 834 Β.

375 871 449 922 Εἰ
491 867 602 940 γὰρ
649 867 749 939 μή,
797 867 921 939 ἤτοι
971 874 1096 922 ἴσον
1145 867 1258 923 ἐστὶ
1304 866 1367 924 τὸ
1409 876 1463 924 A
1499 872 1589 943 τῷ,
1616 874 1662 923 Β
1711 864 1745 939 ἢ
1799 870 1954 923 ἔλασ-

264 972 382 1011 σον.
462 962 587 1011 ἴσον
641 954 742 1027 μὲν
799 949 904 1011 οὖν
960 953 1063 1011 οὔκ
1118 957 1231 1011 ἐστι
1277 956 1340 1011 τὸ
1389 966 1439 1012 Α
1467 961 1542 1033 τῷ
1576 963 1644 1013 Β·
1693 955 1955 1027 ἑκάτερον

179 1057 234 1097 10
265 1042 374 1115 γὰρ
422 1039 495 1098 ἂν
541 1047 656 1099 τῶν
696 1052 773 1114 Α,
799 1049 845 1098 Β
892 1043 1033 1116 πρὸς
1077 1042 1140 1100 τὸ
1181 1049 1235 1100 Γ
1264 1043 1364 1100 τὸν
1404 1043 1579 1101 αὐτὸν
1620 1043 1730 1118 εἶχε
1769 1043 1955 1116 λόγον.

266 1131 368 1188 οὐκ
426 1136 536 1204 ἔχει
582 1133 666 1188 δέ·
729 1130 833 1188 οὐκ
880 1131 988 1204 ἄρα
1036 1140 1162 1188 ἴσον
1212 1134 1326 1189 ἐστὶ
1374 1132 1435 1189 τὸ
1478 1142 1531 1189 Α
1561 1138 1637 1210 τῷ
1678 1140 1740 1189 Β.
1822 1131 1957 1189 οὐδὲ

265 1219 377 1292 μὴν
432 1221 674 1277 ἔλασσόν
736 1223 851 1278 ἐστι
898 1221 960 1278 τὸ
1010 1230 1062 1277 Α
1093 1230 1194 1278 τοῦ
1225 1229 1294 1278 Β·
1343 1221 1405 1278 τὸ
1449 1230 1501 1278 A
1540 1222 1648 1295 γὰρ
1698 1219 1772 1278 ἂν
1820 1220 1957 1293 πρὸς

264 1307 326 1364 τὸ
374 1314 428 1366 Γ
467 1309 745 1366 ἐλάσσονα
799 1309 972 1381 λόγον
1021 1307 1167 1384 εἶχεν
1215 1309 1355 1383 ἥπερ
1402 1309 1464 1367 τὸ
1514 1317 1562 1366 Β
1607 1309 1747 1383 πρὸς
1792 1308 1854 1366 τὸ
1894 1313 1956 1365 Γ.

267 1396 370 1455 οὐκ
425 1402 535 1470 ἔχει
590 1398 674 1454 δέ·
737 1397 841 1454 οὐκ
894 1399 1005 1469 ἄρα
1060 1398 1299 1455 ἔλασσόν
1365 1401 1478 1455 ἐστι
1540 1398 1602 1455 τὸ
1659 1407 1712 1455 A
1753 1401 1856 1454 τοῦ
1895 1404 1959 1454 Β.

180 1497 234 1538 15
267 1488 494 1559 ἐδείχθη
545 1486 607 1543 δὲ
648 1485 781 1543 οὐδὲ
822 1493 969 1543 ἴσον·
1029 1492 1216 1559 μεῖζον
1264 1486 1373 1558 ἄρα
1421 1488 1534 1544 ἐστὶ
1573 1487 1635 1543 τὸ
1679 1494 1731 1543 Α
1762 1490 1864 1543 τοῦ
1894 1492 1956 1543 Β.

373 1572 570 1646 Ἐχέτω
619 1573 688 1647 δὴ
736 1575 905 1631 πάλιν
950 1575 1013 1633 τὸ
1053 1580 1107 1632 Γ
1138 1575 1278 1649 πρὸς
1323 1575 1385 1632 τὸ
1428 1582 1475 1632 Β
1515 1582 1739 1648 μείζονα
1786 1575 1958 1646 λόγον

266 1664 405 1734 ἥπερ
448 1662 510 1718 τὸ
557 1667 610 1719 Γ
656 1662 796 1735 πρὸς
848 1663 910 1720 τὸ
959 1672 1034 1719 Α·
1090 1666 1258 1735 λέγω,
1313 1686 1396 1720 οτι
1447 1664 1687 1720 ἔλασσόν
1734 1667 1849 1721 ἐστι
1894 1662 1957 1720 τὸ

268 1757 315 1806 Β
346 1754 449 1806 τοῦ
489 1758 556 1806 A.

378 1842 455 1895 Εἰ
498 1837 605 1912 γὰρ
654 1839 753 1911 μή,
800 1841 924 1911 ἤτοι
966 1847 1092 1896 ἴσον
1140 1841 1290 1897 ἐστὶν
1336 1838 1372 1912 ἢ
1415 1846 1618 1914 μεῖζον.
1690 1847 1816 1896 ἴσον
1857 1840 1959 1911 μὲν

180 1940 238 1981 20
271 1920 379 1984 οὖν
425 1927 530 1984 οὔκ
577 1929 692 1983 ἐστι
737 1927 800 1983 τὸ
842 1934 889 1984 Β
921 1932 996 2005 τῷ
1030 1936 1104 1984 Α·
1143 1928 1206 1985 τὸ
1246 1935 1300 1986 Γ
1332 1927 1437 2000 γὰρ
1478 1927 1552 1986 ἂν
1598 1929 1737 2003 πρὸς
1782 1928 1959 1986 ἑκάτε-

268 2039 372 2087 ρον
418 2019 531 2072 τῶν
570 2024 648 2086 Α,
674 2022 719 2071 Β
759 2015 859 2072 τὸν
911 2014 1087 2072 αὐτὸν
1134 2014 1244 2089 εἶχε
1291 2017 1478 2089 λόγον.
1556 2016 1660 2074 οὐκ
1718 2021 1828 2089 ἔχει
1878 2019 1960 2075 δέ·

270 2103 373 2160 οὐκ
427 2103 539 2177 ἄρα
592 2112 719 2161 ἴσον
775 2106 888 2160 ἐστὶ
936 2104 998 2162 τὸ
1048 2113 1102 2162 Α
1140 2109 1215 2182 τῷ
1263 2111 1326 2162 Β.
1416 2105 1551 2162 οὐδὲ
1604 2104 1717 2177 μὴν
1772 2105 1960 2178 μεῖζόν

269 2195 383 2248 ἐστι
421 2191 484 2249 τὸ
525 2199 573 2248 Β
612 2197 714 2249 τοῦ
755 2202 828 2249 Α·
867 2192 930 2250 τὸ
972 2198 1026 2249 Γ
1056 2194 1165 2265 γὰρ
1205 2191 1278 2250 ἄν
1316 2194 1458 2268 πρὸς
1493 2193 1558 2251 τὸ
1602 2201 1648 2250 Β
1683 2193 1962 2250 ἐλάσσονα

270 2280 442 2352 λόγον
482 2279 628 2353 εἶχεν
667 2280 806 2354 ἥπερ
846 2282 985 2354 πρὸς
1023 2282 1086 2338 τὸ
1128 2290 1195 2339 Α.
1266 2282 1368 2340 οὐκ
1415 2287 1525 2355 ἔχει
1574 2283 1656 2338 δέ·
1698 2281 1802 2338 οὐκ
1851 2283 1962 2354 ἄρα

184 2381 240 2422 25
272 2369 460 2441 μεῖζόν
500 2371 615 2425 ἐστι
653 2369 716 2426 τὸ
760 2376 807 2425 Β
847 2374 948 2426 τοῦ
981 2378 1048 2426 Α.
1121 2373 1346 2443 ἐδείχθη
1388 2372 1467 2442 δέ,
1510 2370 1596 2427 ὅτι
1636 2368 1771 2427 οὐδὲ
1811 2378 1960 2427 ἴσον·

271 2461 499 2514 ἔλαττον
538 2459 649 2529 ἄρα
688 2459 802 2514 ἐστὶ
840 2458 902 2515 τὸ
936 2465 983 2514 Β
1015 2462 1118 2515 τοῦ
1149 2467 1216 2515 A.

389 2548 515 2601 Τῶν
554 2546 666 2618 ἄρα
704 2545 844 2618 πρὸς
880 2547 942 2603 τὸ
985 2545 1124 2604 αὐτὸ
1160 2547 1333 2619 λόγον
1365 2548 1611 2621 ἐχόντων
1642 2547 1704 2605 τὸ
1737 2552 1962 2620 μείζονα

391 2686 432 2726 2.
465 2676 518 2725 τὸ
550 2675 635 2725 τὸν
665 2680 859 2751 μείζονα
890 2679 945 2725 V.
1070 2687 1113 2726 3.
1146 2678 1292 2751 ἔστιν]
1326 2681 1383 2736 Ρ,
1418 2695 1553 2739 comp
1642 2678 1782 2736 ςὲστι
1814 2681 1961 2727 BFV.

334 2744 374 2783 7.
412 2736 465 2783 τὸ
507 2742 543 2782 Α
576 2735 739 2797 μεῖζόν
773 2736 870 2784 ἔστι
889 2739 992 2807 Bp
1146 2737 1219 2799 τό]
1253 2741 1337 2787 τοῦ
1370 2740 1434 2795 V,
1476 2741 1558 2786 sed
1589 2697 1962 2797 oport-1013]

274 2811 387 2842 corr.
428 2812 484 2842 ex
523 2796 576 2842 τό
617 2798 673 2842 V.
795 2798 851 2856 B]
885 2798 934 2843 in
973 2813 1063 2844 ras.
1096 2814 1155 2845 m.
1189 2805 1216 2843 2
1248 2801 1301 2845 P.
1422 2775 1463 2846 8.
1498 2796 1711 2904 gago,
1700 2795 1879 2856 ,ἐστίν
1910 2799 1961 2845 F.

273 2856 360 2915 τῷ]
393 2858 476 2902 τοῦ
508 2856 559 2902 Ρ.
635 2855 827 2902 ἔλαττον
858 2858 909 2903 F.
1062 2863 1103 2903 9.
1137 2852 1243 2917 οὖν]
1275 2858 1384 2914 PV;
1418 2873 1494 2904 om
1540 2858 1578 2902 B
1635 2874 1680 2916 p.
1755 2855 1880 2904 ἔστιν
1911 2859 1961 2904 Β.
