1988 3152
143 1036 198 1076 10

141 1486 196 1525 15

143 1927 199 1968 20

147 2458 202 2497 25

226 105 336 158 380
426 74 432 78 ⁵
843 106 1177 150 ΣΤΟΙΧΕῙῼΝ
1207 103 1280 150 θ’.

225 230 453 295 λογον,
502 225 568 278 oc
611 223 679 278 δὲ
726 221 918 295 ἄκροι
965 222 1182 279 αὐτῶν
1229 225 1474 293 πρῶτοι
1521 223 1680 295 πρὸς
1719 222 1915 296 ἀλλή-

226 318 380 378 λους
436 305 624 380 οἷσιν,
682 309 800 366 οὐκ
850 315 1033 367 ἔσται
1082 309 1162 377 ὥς
1210 309 1238 367 6
1288 315 1542 383 πρῶτος
1586 311 1746 384 πρὸς
1799 311 1916 368 τὸν
1960 298 1963 299 ⁷

229 400 571 472 δεύτερον,
614 397 819 464 οὕτως
858 398 888 456 6
929 404 1201 472 ἔσχατος
1239 397 1398 471 πρὸς
1436 397 1639 455 ἄλλον
1677 400 1841 456 τινά.

325 488 615 543 ’Έστωσαν
671 485 1085 558 ὁσοιδηποτοῦν
1146 486 1382 560 ἀριθμοὶ
1447 489 1570 559 ἑξῆς
1631 485 1917 560 ἀνάλογον

229 579 286 632 οἱ
320 584 395 647 Α,
427 582 499 646 Β,
531 581 603 646 Γ,
637 583 714 647 Δ,
764 579 822 631 οἰ
857 577 919 632 δὲ
957 576 1122 649 ἄκροι
1163 574 1348 632 αὐτῶν
1397 578 1456 631 οἰ
1498 585 1574 646 Α,
1606 583 1662 630 A
1707 580 1918 649 πρῶτοι

226 664 365 736 πρὸς
412 663 689 736 ἀλλήλους
735 669 1004 721 ἔστωσαν·
1061 665 1228 735 λέγω,
1285 662 1368 719 ὅτι
1417 663 1520 719 οὐκ
1568 668 1716 719 ἔστιν
1765 662 1838 730 ὡς
1886 662 1916 720 6

226 761 280 808 A
317 751 455 823 πρὸς
492 752 594 809 τὸν
632 759 703 825 Β,
744 751 921 818 οὕτως
960 751 989 809 6
1031 760 1086 807 A
1122 751 1260 823 πρὸς
1298 751 1473 808 ἄλλον
1510 751 1653 808 τινα.

341 846 415 896 Εἰ
457 843 563 914 γὰρ
604 841 877 913 δυνατόν,
925 847 1062 897 ἔστω
1105 839 1180 907 ὥς
1220 839 1249 896 6
1289 847 1344 895 A
1382 840 1520 914 πρὸς
1558 864 1659 897 τον
1699 847 1772 911 Β,
1826 838 1920 896 οὕ-

226 953 332 996 τως
387 928 415 986 6
467 937 523 985 A
567 928 706 1001 πρὸς
750 929 851 986 τὸν
897 936 967 985 Ε·
1024 929 1258 996 ἐναλλὰξ
1306 929 1415 1001 ἄρα
1462 930 1612 986 ἐστὶν
1661 927 1733 994 ὡς
1789 926 1818 984 6
1866 933 1921 982 A

231 1017 368 1090 πρὸς
406 1017 506 1074 τὸν
545 1025 626 1088 Δ,
668 1017 696 1074 6
739 1025 785 1074 Β
826 1016 966 1090 πρὸς
1003 1017 1104 1073 τὸν
1144 1025 1209 1073 Ε.
1287 1020 1345 1074 οἱ
1381 1018 1443 1074 δὲ
1483 1026 1560 1089 Α,
1596 1025 1650 1073 A
1687 1020 1917 1090 πρῶτοι,

230 1110 287 1163 οἱ
324 1107 384 1163 δὲ
424 1111 632 1179 πρῶτοι
671 1107 763 1163 καὶ
805 1106 1106 1178 ἐλάχιστοι,
1156 1109 1214 1162 οἱ
1259 1106 1320 1162 δὲ
1362 1106 1638 1178 ἐλάχιστοι
1686 1103 1921 1177 ἀριθμοὶ

228 1199 493 1268 μετροῦσι
532 1195 664 1262 τοὺς
701 1195 802 1251 τὸν
841 1193 1014 1251 αὐτὸν
1061 1194 1236 1266 λόγον
1286 1199 1512 1267 ἔχοντας
1560 1194 1739 1259 ἰσάκις
1786 1191 1817 1249 ὅ
1863 1214 1921 1248 τε

228 1282 540 1357 ἡγούμενος
593 1282 693 1340 τὸν
748 1282 1067 1355 ἡγούμενον
1113 1284 1206 1339 καὶ
1255 1281 1284 1339 6
1336 1283 1606 1355 ἑπόμενος
1651 1282 1751 1338 τὸν
1799 1280 1923 1337 ἑπό-

229 1395 416 1445 μενον.
493 1384 681 1444 μετρεῖ
716 1371 827 1445 ἄρα
876 1370 906 1427 6
954 1379 1008 1426 A
1045 1371 1147 1428 τὸν
1194 1378 1256 1427 Β.
1333 1376 1431 1428 καί
1474 1375 1622 1428 ἐστιν
1675 1369 1748 1437 ὡς
1794 1393 1823 1426 ο
1871 1377 1925 1424 Λ

229 1459 368 1534 πρὸς
414 1460 515 1517 τὸν
554 1467 628 1531 Β,
678 1458 706 1516 6
748 1467 795 1516 Β
835 1459 972 1531 πρὸς
1011 1459 1110 1516 τὸν
1149 1466 1209 1517 Γ.
1279 1461 1371 1516 καὶ
1420 1459 1448 1517 6
1491 1467 1538 1516 Β
1580 1459 1688 1530 ἄρα
1736 1458 1836 1515 τὸν
1877 1462 1932 1513 Γ

230 1561 436 1623 μετρεῖ·
486 1548 625 1605 ὥστε
671 1548 764 1603 καὶ
814 1547 842 1603 6
884 1556 936 1604 A
975 1571 1076 1604 τον
1116 1554 1169 1604 Γ
1212 1561 1409 1621 μετρεῖ.
1485 1549 1577 1604 καὶ
1619 1550 1739 1603 ἐπεί
1775 1550 1924 1603 ἐστιν

232 1637 305 1705 ὡς
354 1637 382 1695 6
431 1645 479 1694 Β
525 1658 665 1710 προς
711 1658 812 1692 τον
851 1641 920 1709 Γ,
967 1635 996 1692 6
1037 1641 1091 1692 Γ
1128 1658 1269 1710 προς
1306 1660 1407 1694 τον
1448 1644 1526 1708 Δ,
1567 1647 1755 1708 μετρεῖ
1792 1635 1853 1691 δὲ
1895 1632 1924 1690 6

230 1734 278 1783 Β
326 1750 427 1783 τον
476 1732 548 1797 Γ,
604 1736 792 1797 μετρεῖ
843 1724 953 1797 ἄρα
999 1726 1091 1780 καὶ
1140 1724 1169 1782 6
1225 1732 1279 1782 Γ
1324 1729 1425 1783 τὸν
1480 1732 1549 1781 A.
1621 1722 1744 1780 ἀλλ’
1797 1723 1826 1780 6
1874 1730 1928 1779 A

231 1838 332 1872 τον
372 1820 425 1871 Γ
458 1815 689 1887 ἐμέτρει·
740 1811 879 1869 ὥστε
920 1812 950 1870 6
989 1822 1043 1869 A
1089 1814 1181 1869 καὶ
1220 1837 1323 1871 τον
1365 1822 1419 1870 A
1466 1824 1663 1886 μετρεῖ.
1741 1822 1930 1885 μετρεῖ

232 1904 294 1961 δὲ
332 1904 424 1960 καὶ
465 1902 683 1959 ἑαυτόν.
753 1901 782 1957 6
824 1909 877 1957 A
917 1901 1027 1973 ἄρα
1065 1904 1198 1968 τοὺς
1236 1909 1313 1974 Α,
1349 1909 1402 1957 A
1442 1913 1630 1974 μετρεῖ
1673 1900 1929 1974 πρώτους

234 1992 401 2059 ὄντας
438 2013 579 2065 προς
619 1989 920 2062 ἀλλήλους·
963 1989 1098 2063 ὅπερ
1132 1991 1283 2047 ἐστὶν
1322 1990 1620 2047 ἀδύνατον.
1686 1987 1789 2046 οὐκ
1822 1988 1931 2062 ἄρα

234 2085 385 2136 ἔσται
433 2078 507 2146 ὡς
555 2077 583 2136 6
634 2087 687 2135 A
731 2081 872 2152 πρὸς
917 2081 1018 2135 τὸν
1065 2086 1138 2151 Β,
1190 2078 1367 2145 οὕτως
1414 2077 1443 2135 6
1484 2086 1539 2134 A
1578 2099 1717 2151 προς
1756 2076 1931 2134 ἄλλον

233 2171 378 2225 τινά·
422 2167 556 2241 ὅπερ
598 2172 708 2224 ἔδει
752 2170 941 2235 δεῖξαι.

1041 2353 1135 2401 ιη.

348 2434 487 2490 Δύο
544 2432 851 2506 ἀριθμῶν
907 2435 1251 2490 δοθέντων
1307 2435 1812 2503 ἐπισκέψασθαι,
1875 2435 1934 2487 εἰ

358 2588 400 2627 5.
433 2583 501 2640 Δ]
547 2582 665 2653 (alt.)
707 2596 823 2626 corr.
857 2595 913 2626 ex
945 2585 979 2624 B
1011 2581 1063 2625 F.
1200 2585 1240 2625 8.
1274 2578 1376 2638 τόν]
1411 2595 1500 2625 om.
1532 2580 1582 2626 F.
1707 2585 1748 2625 9.
1782 2577 1928 2638 ἐστίν]

236 2658 326 2688 om.
358 2641 414 2686 V.
525 2646 592 2684 11.
626 2642 830 2698 αριθμοί
886 2655 977 2686 om.
1010 2640 1066 2685 V.
1176 2645 1244 2685 12.
1281 2638 1474 2696 ἔχοντας
1506 2635 1669 2690 αὐτοῖς
1699 2640 1755 2684 V.
1859 2644 1928 2683 15.

236 2702 343 2760 καί]
377 2716 437 2744 m.
471 2705 498 2744 2
530 2700 581 2744 F.
685 2705 755 2744 16.
788 2705 824 2743 Α
887 2714 912 2744 e
946 2713 1057 2744 corr.
1096 2699 1152 2745 V,
1256 2704 1323 2743 17.
1358 2695 1411 2757 6]
1446 2700 1591 2755 (tert.)
1623 2696 1675 2742 τό
1709 2715 1758 2754 φ.
1860 2702 1929 2742 19.

237 2758 447 2818 ἐμέτρει]
481 2759 537 2814 Ρ,
571 2764 735 2815 μετρεῖ
760 2758 921 2803 Theon
954 2759 1174 2815 (BFVq).
1238 2758 1416 2802 Deinde
1448 2758 1552 2802 add.
1586 2758 1647 2801 B:
1680 2752 1796 2802 ὥστε
1832 2753 1857 2800 6
1891 2760 1927 2799 A

236 2817 318 2864 τὸν
365 2823 407 2863 Γ
442 2823 621 2876 μετρεῖ,
664 2817 747 2861 sed
785 2818 874 2862 del.
915 2833 976 2861 m.
1013 2823 1051 2862 1.
1175 2813 1199 2861 6
1232 2821 1268 2860 A
1300 2817 1403 2875 καί]
1436 2817 1518 2861 καὶ
1550 2814 1575 2860 6
1608 2822 1643 2860 A
1668 2817 1726 2871 F3
1760 2812 1785 2860 6
1816 2821 1852 2860 A
1885 2831 1927 2873 q.

237 2877 425 2937 μετρεῖ]
460 2877 622 2934 (prius)
656 2891 745 2922 om.
776 2877 826 2923 F.
936 2881 1006 2921 22.
1041 2877 1114 2934 A]
1147 2880 1233 2932 Βφ
1267 2878 1378 2934 (non
1408 2876 1477 2933 F).
