1988 3152
237 97 345 150 398
867 100 1204 143 ΣΤΟΙΧΕῙῼΝ
1233 96 1307 145 θ’.

1027 261 1142 318 κθ’.

345 378 492 435 Ἐὰν
545 380 863 452 περισσὸς
917 380 1205 453 ἀριθμὸς
1257 381 1578 454 περισσὸν
1633 380 1930 455 ἀριθμὸν

236 468 828 535 πολλαπλασιάσας
879 474 1033 543 ποιῇ
1089 492 1267 541 τινα,
1323 468 1352 526 5
1409 471 1771 543 γενόμενος
1825 493 1931 529 πε-

236 556 464 629 ρισσὸς
504 562 699 615 ἔσται.

180 657 205 696 5
358 646 633 719 Περισσὸς
664 645 771 721 γὰρ
812 646 1054 719 ἀριθμὸς
1094 646 1124 704 5
1165 656 1219 704 A
1257 648 1526 721 περισσὸν
1565 648 1665 705 τὸν
1705 657 1752 705 Β
1798 657 1930 707 πολ-

235 735 616 802 λαπλασιάσας
653 735 754 792 τὸν
794 741 848 791 Γ
878 742 1123 792 ποιείτω·
1167 737 1336 808 λέγω,
1382 735 1467 793 ὅτι
1508 735 1537 793 5
1580 743 1633 793 Γ
1670 739 1932 813 περισσός

236 827 400 882 ἐστιν.

342 912 491 970 Ἐπεὶ
529 914 637 987 γὰρ
679 913 708 971 5
752 923 805 971 A
843 915 944 972 τὸν
983 922 1030 971 Β
1071 917 1561 983 πολλαπλασιάσας
1599 918 1700 973 τὸν
1746 922 1800 973 Γ
1839 939 1927 974 πε-

233 1008 490 1074 ποίηκεν,
542 1001 571 1060 5
625 1009 678 1059 Γ
725 1002 835 1078 ἄρα
886 1004 1170 1076 σύγκειται
1225 1007 1284 1061 ἐκ
1329 1005 1617 1062 τοσούτων
1665 1012 1805 1062 ἴσων
1851 1010 1926 1083 τῷ

147 1107 202 1148 10
235 1098 307 1162 Β,
349 1090 478 1148 ὅσαι
518 1092 662 1148 εἰσὶν
703 1094 764 1149 ἐν
801 1096 877 1170 τῷ
919 1101 972 1149 A
1010 1093 1266 1165 μονάδες.
1342 1099 1439 1149 καί
1476 1096 1626 1150 ἐστιν
1676 1094 1930 1167 ἑκάτερος

232 1183 346 1236 τῶν
384 1187 463 1251 Α,
495 1186 542 1235 Β
583 1183 863 1254 περισσός·
913 1179 942 1238 5
983 1187 1037 1238 Γ
1068 1181 1180 1255 ἄρα
1219 1182 1501 1253 σύγκειται
1542 1185 1600 1239 ἐκ
1647 1188 1929 1255 περισσῶν

233 1267 522 1342 ἀριθμῶν,
572 1263 654 1326 ῶν
700 1270 762 1327 τὸ
810 1275 1030 1342 πλῆθος
1075 1272 1344 1343 περισσόν
1393 1274 1556 1328 ἐστιν.
1628 1271 1767 1329 ῶστε
1814 1271 1843 1329 5
1884 1278 1936 1329 Γ

232 1358 495 1433 περισσός
534 1362 708 1416 ἐστιν·
749 1358 883 1431 ὅπερ
925 1364 1038 1416 ἔδει
1079 1362 1267 1427 δεῖξαι.

1046 1539 1116 1594 λ’.

147 1655 202 1696 15
344 1639 490 1697 Ἐὰν
530 1640 847 1716 περισσὸς
886 1640 1173 1715 ἀριθμὸς
1211 1641 1446 1715 ἄρτιον
1485 1641 1781 1717 ἀριθμὸν
1822 1667 1927 1716 με-

231 1735 373 1805 τρῇ,
413 1732 519 1787 καὶ
558 1730 673 1788 τὸν
713 1729 958 1802 ἥμισυν
999 1728 1204 1786 αὐτοῦ
1244 1731 1568 1803 μετρήσει.

343 1818 622 1894 Περισσὸς
674 1819 782 1893 γὰρ
837 1817 1080 1892 ἀριθμὸς
1135 1817 1164 1875 5
1222 1827 1275 1875 A
1329 1818 1524 1893 ἄρτιον
1578 1818 1678 1876 τὸν
1733 1827 1781 1875 Β
1835 1843 1927 1892 με-

230 1913 446 1983 τρείτω·
487 1910 657 1979 λέγω,
699 1906 786 1965 ὅτι
824 1908 917 1963 καὶ
954 1906 1056 1964 τὸν
1097 1906 1305 1980 ἥμισυν
1346 1907 1521 1965 αὐτοῦ
1561 1909 1834 1982 μετρήσει.

337 1996 486 2055 Ἐπεὶ
524 1997 632 2070 γὰρ
674 1996 703 2054 5
744 2004 797 2052 A
835 1996 935 2054 τὸν
968 2003 1015 2053 Β
1055 2008 1265 2070 μετρεῖ,
1313 2003 1573 2069 μετρείτω
1616 1996 1791 2054 αὐτὸν
1829 2021 1924 2054 κα-

142 2101 199 2142 20
230 2087 297 2144 τὰ
336 2086 437 2144 τὸν
475 2092 542 2143 Γ·
581 2088 750 2158 λέγω,
791 2084 876 2142 ὅτι
917 2083 946 2142 5
988 2090 1043 2141 Γ
1073 2085 1175 2142 οὐκ
1215 2090 1331 2143 ἔστι
1370 2086 1644 2159 περισσός.
1722 2091 1774 2143 εἰ
1816 2088 1924 2160 γὰρ

232 2175 503 2247 δυνατόν,
559 2179 712 2232 ἔστω.
799 2176 892 2231 καὶ
943 2174 1059 2230 ἐπεὶ
1115 2172 1144 2230 5
1199 2183 1253 2231 A
1306 2174 1406 2231 τὸν
1454 2182 1500 2231 Β
1557 2187 1746 2248 μετρεῖ
1787 2174 1925 2232 κατὰ

230 2263 329 2322 τὸν
381 2269 450 2335 Γ,
507 2263 537 2322 5
585 2273 638 2321 A
685 2263 795 2338 ἄρα
840 2263 942 2320 τὸν
989 2268 1043 2319 Γ
1080 2264 1571 2331 πολλαπλασιάσας
1607 2263 1707 2321 τὸν
1748 2271 1795 2320 Β
1834 2286 1922 2320 πε-

229 2357 475 2425 ποίηκεν.
553 2351 582 2409 5
629 2359 676 2408 Β
729 2354 839 2426 ἄρα
885 2352 1169 2424 σύγκειται
1209 2355 1269 2409 ἐκ
1314 2357 1594 2426 περισσῶν
1641 2351 1924 2425 ἀριθμῶν,

231 2435 312 2499 ῶν
351 2441 413 2498 τὸ
471 2445 690 2514 πλῆθος
743 2441 1011 2515 περισσόν
1067 2444 1231 2498 ἐστιν.
1309 2439 1340 2498 5
1396 2449 1443 2497 Β
1498 2441 1607 2514 ἄρα
1662 2443 1925 2514 περισσός

141 2546 198 2588 25
231 2533 403 2588 ἐστιν·
459 2529 594 2603 ὅπερ
634 2530 869 2587 ἄτοπον·
907 2529 1194 2587 ὑπόκειται
1241 2529 1348 2603 γὰρ
1396 2528 1599 2603 ἄρτιος.
1671 2529 1774 2586 οὐκ
1813 2529 1922 2604 ἄρα

350 2717 390 2756 3.
424 2715 560 2756 ποιεῖ
583 2709 641 2765 F,
673 2710 753 2754 sed
786 2724 900 2755 corr.
1026 2715 1095 2755 12.
1129 2704 1224 2782 ὧν]
1258 2724 1347 2754 om.
1379 2708 1440 2763 B,
1470 2709 1704 2781 περισσῶν
1735 2709 1777 2752 V
1807 2723 1868 2752 m.
1895 2714 1920 2753 2

231 2786 256 2818 e
289 2785 404 2817 corn
554 2766 636 2840 τό]
669 2783 729 2813 m.
764 2774 790 2812 2
824 2769 879 2814 V.
1030 2784 1252 2826 περισσον
1285 2765 1444 2839 ἐστιν]
1473 2765 1497 2813 ὃ
1534 2767 1586 2814 δε
1621 2768 1923 2839 συγκείμενος

233 2829 286 2877 ἐκ
309 2829 545 2887 περισσῶν
577 2824 795 2899 αριθμῶν
827 2830 1061 2884 περισσῶν
1088 2830 1209 2885 (add.
1235 2843 1296 2873 m.
1322 2830 1367 2885 2)
1400 2826 1452 2873 τὸ
1485 2829 1667 2884 πλῆθος
1703 2825 1921 2899 περισσός

231 2887 357 2935 ἐστιν
387 2889 444 2935 V.
600 2893 667 2933 16.
701 2882 842 2944 ἥμισυ
883 2889 973 2944 Fq.
1131 2894 1198 2933 17.
1231 2884 1448 2944 περισσός
1474 2914 1528 2920 -
1558 2894 1633 2933 18:
1674 2884 1917 2945 μετρήσει]
