1988 3152
222 108 295 160 20
853 107 1187 150 ΣΤΟΙΧΕΙΩΝ
1218 103 1279 151 ε’.

1031 224 1102 284 ς’.

328 326 475 384 Ἐὰν
539 327 656 384 δύο
729 328 973 398 μεγέθη
1046 327 1166 383 δύο
1229 331 1528 399 μεγεθῶν
1593 326 1814 391 ἰσάκις
1874 320 1908 399 ᾗ

221 415 706 487 πολλαπλάσια,
731 416 841 471 καὶ
872 414 1330 487 ἀφαιρεθέντα
1360 415 1507 470 τινὰ
1536 418 1662 471 τῶν
1688 416 1910 471 αὐτῶν

224 504 440 570 ἰσάκις
470 498 505 576 ᾖ
538 504 1020 575 πολλαπλάσια,
1059 505 1165 559 καὶ
1190 503 1263 559 τά
1297 502 1493 560 λοιπὰ
1519 501 1910 569 τοῖςαύτοῖς

164 602 190 642 5
223 592 369 664 ἤτοι
421 600 532 648 ἴσα
582 594 769 649 ἐστὶν
823 589 857 664 ἢ
914 593 1132 658 ἰσάκις
1171 590 1390 648 αὐτῶν
1436 591 1910 648 πολλαπλάσια.

335 681 460 737 Δύο
516 680 621 755 γὰρ
660 682 870 753 μεγέθη
917 679 983 736 τὰ
1031 687 1158 751 ΑΒ,
1184 685 1295 735 ΓΔ
1342 679 1446 736 δύο
1494 684 1750 750 μεγεθῶν
1796 684 1910 736 τῶν

229 775 304 839 Ε,
331 775 376 824 Ζ
416 758 596 835 ἰσάκις
642 774 779 825 ἔστω
826 768 1236 839 πολλαπλάσια,
1291 769 1383 823 καὶ
1422 767 1807 840 ἀφαιρεθέντα
1845 767 1912 823 τὰ

227 864 363 928 ΑΗ,
390 863 494 914 ΓΘ
515 862 629 915 τῶν
669 857 856 915 αὐτῶν
894 861 1008 913 τῶν
1040 864 1106 928 Ε,
1133 865 1178 913 Ζ
1203 857 1384 923 ἰσάκις
1423 862 1560 912 ἔστω
1600 857 1913 913 πολλαπλά-

226 963 339 1002 σια·
379 948 542 1017 λέγω,
584 945 670 1003 ὅτι
707 947 800 1002 καὶ
839 945 1006 1002 λοιπὰ
1045 943 1111 1000 τὰ
1152 951 1284 1016 ΗΒ,
1309 951 1420 1001 ΘΔ
1458 956 1574 1010 τοῖς
1613 951 1678 1015 Ε,
1706 952 1750 1000 Ζ
1790 944 1912 1016 ἤτοι

139 1044 194 1084 10
227 1042 323 1091 ἴσα
364 1036 515 1091 ἐστὶν
554 1032 589 1107 ἢ
631 1035 810 1101 ἰσάκις
849 1033 1037 1091 αὐτῶν
1075 1033 1476 1091 πολλαπλάσια.

318 1123 500 1180 ’Έστω
561 1123 671 1195 γὰρ
720 1123 995 1195 πρότερον
1048 1121 1111 1179 τὸ
1166 1129 1278 1178 ΗΒ
1324 1125 1400 1198 τῷ
1451 1128 1503 1177 Ε
1554 1129 1701 1177 ἴσον·
1756 1122 1914 1192 λέγω,

224 1211 311 1268 ὅτι
350 1213 443 1268 καὶ
484 1211 547 1268 τὸ
588 1219 701 1267 ΘΔ
738 1215 813 1288 τῷ
856 1218 900 1267 Ζ
942 1219 1067 1267 ἴσον
1107 1213 1273 1267 ἐστίν.

335 1305 572 1357 Κείσθω
635 1299 743 1372 γὰρ
803 1302 880 1375 τῷ
947 1305 992 1355 Ζ
1049 1306 1175 1356 ἴσον
1229 1298 1291 1354 τὸ
1355 1304 1477 1354 ΓΚ.
1557 1298 1671 1353 ἐπεὶ
1736 1297 1914 1363 ἰσάκις

229 1389 345 1445 ἐστὶ
392 1389 812 1445 πολλαπλάσιον
850 1387 913 1445 τὸ
954 1394 1079 1444 ΑΗ
1109 1391 1211 1443 τοῦ
1250 1394 1302 1442 Ε
1336 1388 1428 1442 καὶ
1467 1385 1530 1443 τὸ
1569 1391 1671 1442 ΓΘ
1709 1388 1818 1466 τοτξ
1851 1392 1913 1455 Ζ,

138 1483 191 1524 15
227 1484 353 1533 ἴσον
404 1477 467 1533 δὲ
511 1476 573 1533 τὸ
623 1477 726 1549 μὲν
773 1483 886 1532 ΗΒ
924 1480 1000 1552 τῷ
1040 1483 1107 1546 Ε,
1146 1476 1209 1533 τὸ
1251 1476 1314 1532 δὲ
1353 1481 1468 1532 ΚΓ
1498 1479 1573 1550 τῷ
1616 1481 1686 1546 Ζ,
1736 1474 1916 1540 ἰσάκις

225 1563 336 1637 ἄρα
395 1566 510 1621 ἐστὶ
566 1564 987 1621 πολλαπλάσιον
1041 1564 1103 1620 τὸ
1164 1571 1272 1620 ΑΒ
1324 1568 1427 1620 τοῦ
1467 1570 1518 1619 Ε
1559 1564 1650 1618 καὶ
1703 1562 1764 1618 τὸ
1807 1568 1917 1618 ΚΘ

224 1656 326 1709 τοῦ
375 1661 435 1711 Ζ.
531 1654 711 1720 ἰσάκις
765 1653 826 1710 δὲ
879 1651 1166 1710 ὑπόκειται
1220 1651 1639 1710 πολλαπλάσιον
1691 1651 1752 1707 τὸ
1804 1658 1914 1707 ΑΒ

222 1746 325 1798 τοῦ
378 1750 430 1798 Ε
486 1744 578 1799 καὶ
635 1741 698 1799 τὸ
744 1748 857 1798 ΓΔ
902 1746 1004 1798 τοῦ
1046 1749 1112 1797 Ζ·
1168 1742 1349 1807 ἰσάκις
1403 1740 1512 1814 ἄρα
1560 1740 1674 1795 ἐστὶ
1713 1746 1915 1796 πολλα-

225 1829 465 1887 πλάσιον
518 1833 581 1888 τὸ
637 1837 750 1887 ΚΘ
801 1834 903 1886 τοῦ
964 1837 1008 1886 Ζ
1064 1831 1156 1885 καὶ
1213 1828 1274 1886 τὸ
1331 1834 1443 1885 ΓΔ
1498 1832 1601 1884 τοῦ
1663 1835 1721 1883 Ζ.
1800 1829 1915 1884 ἐπεὶ

135 1925 193 1966 20
227 1910 333 1974 οὖν
372 1918 636 1988 ἑκάτερον
674 1922 789 1974 τῶν
822 1924 950 1989 ΚΘ,
974 1923 1087 1974 ΓΔ
1115 1922 1218 1974 τοῦ
1257 1924 1302 1973 Ζ
1342 1916 1523 1981 ἰσάκις
1561 1916 1674 1972 ἐστὶ
1714 1922 1915 1972 πολλα-

223 2006 488 2079 πλάσιον,
553 2014 679 2063 ἴσον
735 2006 846 2078 ἄρα
898 2007 1012 2062 ἐστὶ
1067 2007 1130 2062 τὸ
1187 2011 1298 2061 ΚΘ
1358 2009 1434 2080 τῷ
1498 2010 1624 2060 ΓΔ.
1719 2004 1915 2061 κοινὸν

224 2094 544 2168 ἀφῃρήσθω
583 2094 646 2151 τὸ
687 2100 812 2151 ΓΘ·
851 2094 1054 2151 λοιπὸν
1092 2093 1203 2166 ἄρα
1242 2093 1304 2150 τὸ
1340 2099 1456 2150 ΚΓ
1488 2097 1663 2169 λοιπῷ
1695 2097 1770 2168 τῷ
1804 2100 1916 2149 ΘΔ

226 2189 353 2239 ἴσον
401 2185 565 2239 ἐστίν.
651 2180 791 2239 ἀλλὰ
837 2182 902 2239 τὸ
952 2189 997 2238 Ζ
1035 2186 1111 2259 τῷ
1160 2188 1278 2238 ΚΓ
1319 2184 1470 2238 ἐστιν
1518 2189 1664 2237 ἴσον·
1711 2182 1804 2237 καὶ
1851 2181 1913 2237 τὸ

225 2277 338 2326 ΘΔ
386 2269 496 2343 ἄρα
540 2274 616 2347 τῷ
668 2277 711 2326 Ζ
767 2278 894 2327 ἴσον
945 2274 1110 2327 ἐστίν.
1195 2269 1336 2327 ὥστε
1383 2273 1435 2325 εἰ
1485 2267 1548 2324 τὸ
1597 2275 1710 2324 ΗΒ
1749 2274 1827 2345 τῷ
1868 2277 1919 2325 Ε

136 2366 192 2406 25
227 2366 354 2416 ἴσον
394 2362 571 2430 ἐστίν,
608 2360 702 2414 καὶ
740 2358 802 2416 τὸ
843 2366 956 2415 ΘΔ
995 2366 1121 2415 ἴσον
1162 2363 1313 2415 ἔσται
1351 2362 1426 2435 τῷ
1470 2365 1528 2413 Ζ.

180 2437 186 2442 ’
328 2447 560 2520 Ὁμοίως
623 2447 693 2518 δὴ
749 2449 1027 2519 δείξομεν,
1084 2445 1195 2518 ὅτι,
1251 2443 1361 2519 κᾷν
1407 2445 1825 2502 πολλαπλάσιον
1880 2439 1914 2519 ᾗ

344 2588 385 2628 2.
415 2577 550 2639 Ἐάν]
585 2594 680 2637 seq.
713 2595 801 2625 ras.
835 2580 977 2626 31ἰ1;1;.
1003 2581 1053 2625 F.
1155 2585 1195 2627 5.
1228 2576 1352 2637 ἤτοι]
1391 2580 1581 2624 sustulit
1611 2578 1915 2625 resarcinatio

224 2641 275 2685 in
296 2642 347 2686 F.
471 2646 511 2685 7.
538 2639 745 2686 ἔστωσαν
769 2655 817 2697 p.
940 2646 980 2685 8.
1006 2640 1121 2698 τῶν]
1149 2640 1268 2696 (alt.)
1294 2642 1346 2683 τό
1372 2639 1427 2694 V,
1453 2638 1534 2683 sed
1559 2653 1675 2684 corr.
1790 2644 1830 2683 9.
1856 2635 1912 2682 τά

226 2697 367 2745 λοιπὰ
399 2695 458 2744 τὰ
491 2700 543 2746 F.
695 2700 809 2758 ΗΒ]
842 2698 892 2743 in
924 2712 1011 2743 ras.
1044 2699 1094 2743 F.
1249 2703 1317 2742 11.
1354 2697 1464 2756 ΗΒ]
1497 2698 1546 2741 in
1585 2711 1672 2741 ras.
1706 2712 1766 2742 m.
1800 2703 1826 2742 2
1858 2697 1913 2741 V.

288 2764 356 2804 12.
393 2759 506 2816 ΘΔ]
534 2760 627 2803 ΔΘ
650 2758 699 2804 Ρ.
821 2759 884 2815 τῷ
914 2758 967 2816 Ζ]
996 2772 1084 2803 om.
1109 2758 1169 2813 P;
1193 2758 1303 2815 post
1325 2758 1428 2801 ἴσον
1452 2756 1556 2802 add.
1582 2772 1643 2802 m.
1667 2761 1710 2801 2.
1819 2751 1921 2801 ἐστι’

224 2818 327 2863 BV.
469 2823 536 2862 13.
570 2818 654 2878 τῷ]
690 2831 806 2864 corr.
840 2831 896 2861 ex
926 2814 979 2862 τό
1011 2832 1072 2860 m.
1109 2822 1131 2861 1
1165 2832 1210 2875 p,
1350 2815 1461 2874 ΓΚ]
1495 2829 1609 2860 corr.
1644 2829 1700 2860 ex
1730 2818 1827 2859 ΚΓ
1853 2830 1913 2860 m.

225 2882 251 2922 2
277 2876 326 2921 P.
427 2876 507 2921 καὶ
534 2873 643 2922 ἐπεί
662 2877 716 2921 V.
845 2881 913 2922 14.
940 2873 1065 2921 ἐστίν
1088 2876 1186 2922 PF.
1318 2881 1386 2920 15.
1412 2876 1526 2931 ΚΓ]
1553 2878 1645 2918 ΓΚ
1665 2874 1721 2918 V.
1846 2879 1913 2919 16.
