1988 3152
204 216 318 268 τῶν
358 211 548 284 ἄκρων
588 205 773 284 ἴσοςῇ
814 214 890 288 τῷ
931 209 1042 266 ἀπὸ
1081 215 1183 266 τοῦ
1222 212 1419 282 μέσου,
1461 214 1520 267 οἱ
1554 223 1703 284 τρεῖς
1741 209 1902 284 ἀριθ-
1962 211 1988 265 Ε

205 301 300 372 μοὶ
340 298 628 371 ἀνάλογόν
669 303 828 355 εἰσιν.
892 304 1140 355 ἔστωσαν
1171 311 1319 371 τρεῖς
1350 298 1584 372 ἀριθμοὶ
1618 299 1902 371 ἀνάλογον

206 392 264 444 οἱ
306 397 384 460 A,
417 396 490 460 Β,
524 394 593 458 Γ,
642 387 717 454 ὡς
764 386 793 444 5
843 396 896 443 A
941 387 1079 462 πρὸς
1124 387 1225 444 τὸν
1265 395 1338 458 Β,
1385 387 1564 454 οὕτως
1604 388 1632 445 5
1674 396 1721 445 Β
1761 389 1901 461 πρὸς
1971 412 1975 447 1

202 478 305 534 τὸν
346 483 406 533 Γ.
482 479 652 549 λέγω,
702 476 788 533 ὅτι
829 475 858 533 5
900 479 959 532 ἐκ
997 481 1112 533 τῶν
1151 484 1232 548 A,
1267 483 1320 533 Γ
1359 484 1479 543 ἴσος
1518 478 1633 533 ε’στὶ
1671 481 1747 552 τῷ
1796 476 1902 534 ἀπὸ

144 575 170 615 5
204 570 306 622 τοῦ
346 573 409 622 Β.
485 572 696 622 κείσθω
736 564 844 637 γὰρ
883 570 959 642 τῷ
1000 573 1047 621 Β
1088 573 1209 631 ἴσος
1249 564 1278 622 5
1322 573 1390 621 A.
1470 570 1621 621 ἔστιν
1669 564 1778 637 ἄρα
1830 564 1906 632 ὥς
1975 622 1988 642 ¹,

204 653 233 711 5
275 662 329 710 A
365 655 506 726 πρὸς
542 654 645 711 τὸν
683 662 750 725 Β,
792 655 970 720 οὕτως
1010 655 1039 710 5
1081 661 1137 709 A
1175 652 1315 726 πρὸς
1352 653 1453 723 τὸν
1493 658 1553 708 Γ.
1631 652 1660 709 5
1703 653 1812 726 ἄρα
1847 657 1905 710 ἐκ
1972 647 1988 735 ‚3⁵

201 746 316 798 τῶν
362 751 441 814 A,
477 749 527 798 Γ
568 750 688 809 ἴσος
729 743 842 799 ἐστὶ
881 746 956 817 τῷ
1000 745 1057 798 ἐκ
1096 746 1210 798 τῶν
1250 749 1323 813 Β,
1358 748 1426 797 A.
1505 740 1534 797 5
1576 741 1637 798 δὲ
1688 744 1747 798 ἐκ
1791 745 1905 798 τῶν
1978 739 1988 797 ,’Ᾰ

202 837 276 899 Β,
311 837 366 885 Δ
405 837 526 896 ἴσος
564 832 678 887 ἐστὶ
717 834 792 907 τῷ
834 828 941 886 ἀπὸ
981 834 1085 886 τοῦ
1123 837 1192 886 Β·
1244 838 1364 896 ἴσος
1408 828 1515 902 γὰρ
1565 829 1594 885 5
1637 836 1684 885 Β
1725 834 1800 906 τῷ
1835 837 1906 886 Δ.

203 920 233 975 5
275 918 383 992 ἄρα
424 922 482 976 ἐκ
519 923 634 976 τῶν
675 927 752 990 A,
786 924 839 974 Γ
871 927 992 985 ἴσος
1028 924 1103 996 τῷ
1145 917 1252 976 ἀπὸ
1292 924 1395 976 τοῦ
1434 926 1496 975 Β.

115 1017 169 1058 10
309 1007 472 1064 Ἀλλὰ
520 1009 590 1079 δὴ
641 1008 666 1064 ἱ,
721 1010 779 1064 ἐκ
826 1011 939 1064 τῶν
985 1016 1062 1077 A,
1094 1014 1148 1063 Γ
1189 1016 1309 1074 ἶσος
1355 1012 1493 1064 ἔστω
1532 1010 1608 1083 τῷ
1649 1004 1759 1063 ἀπὸ
1800 1017 1902 1064 τοῦ

201 1103 263 1152 Β.
340 1097 509 1167 λέγω,
557 1097 644 1152 ὅτι
691 1096 842 1152 ἐστὶν
889 1094 965 1162 ὥς
1011 1097 1041 1153 5
1092 1105 1145 1152 A
1189 1095 1327 1168 πρὸς
1374 1096 1477 1153 τὸν
1522 1103 1596 1167 Β,
1646 1093 1825 1162 οὕτως
1874 1093 1904 1152 5

200 1191 247 1240 Β
294 1185 435 1257 πρὸς
478 1186 577 1242 τὸν
623 1191 684 1241 Γ.
762 1186 878 1241 ἐπεὶ
923 1184 1032 1256 γὰρ
1082 1183 1111 1241 5
1162 1187 1222 1241 ἐκ
1267 1188 1380 1241 τῶν
1421 1192 1498 1255 A,
1531 1189 1584 1240 Γ
1617 1191 1737 1250 ἴσος
1787 1185 1902 1241 ἐστὶ

199 1278 275 1350 τῷ
317 1272 425 1330 ἀπὸ
467 1278 569 1330 τοῦ
610 1281 684 1344 Β,
726 1271 755 1330 5
798 1273 860 1330 δὲ
901 1271 1008 1330 ἀπὸ
1057 1278 1159 1330 τοῦ
1208 1280 1254 1329 Β
1307 1281 1426 1339 ἴσος
1466 1276 1541 1347 τῷ
1590 1273 1698 1330 ὑπὸ
1744 1277 1901 1344 [τῶν]

199 1369 273 1433 Β,
312 1369 393 1434 A,
442 1367 592 1418 ἔστιν
641 1362 750 1434 ἄρα
801 1363 875 1427 ὡς
922 1363 952 1420 5
1003 1371 1056 1418 A
1102 1361 1241 1435 πρὸς
1287 1361 1388 1418 τὸν
1427 1369 1501 1433 Β,
1550 1363 1729 1428 οὕτως
1777 1363 1806 1420 5
1849 1369 1903 1418 A
1980 1410 1988 1413 γε

112 1467 167 1508 15
198 1450 340 1524 πρὸς
386 1450 487 1507 τὸν
534 1457 594 1507 Γ.
673 1458 794 1517 ἴσος
840 1451 902 1507 δὲ
950 1450 978 1507 5
1028 1458 1075 1507 B
1121 1454 1197 1528 τῷ
1248 1459 1315 1506 A.
1394 1456 1543 1507 ἔστιν
1591 1449 1700 1523 ἄρα
1750 1451 1824 1517 ὥς
1872 1449 1902 1507 5

200 1549 253 1596 A
300 1539 441 1612 πρὸς
486 1539 588 1596 τὸν
637 1546 711 1610 Β,
759 1538 937 1606 οὕτως
982 1537 1012 1596 5
1061 1546 1107 1595 Β
1156 1539 1295 1610 πρὸς
1341 1538 1441 1595 τὸν
1488 1545 1555 1595 Γ·
1605 1540 1739 1612 ὅπερ
1789 1543 1901 1595 ἔδει

202 1630 392 1696 δεῖξαι.

204 94 316 147 430
897 95 1213 138 APPENDIX.
1287 78 1290 79 ⁷
1958 0 1988 181 ξ

812 1734 994 1804 Uulgo
1033 1733 1141 1787 VII
1151 1775 1164 1800 ‚
1204 1736 1292 1788 22.

307 1833 441 1893 Ἐὰν
492 1830 596 1893 ὦσι
643 1848 790 1909 τρεῖς
828 1834 1063 1908 ἀριθμοὶ
1102 1835 1195 1891 καὶ
1244 1833 1405 1891 ἄλλοι
1446 1834 1637 1901 αὐτοῖς
1677 1842 1790 1891 ἴσοι
1835 1834 1901 1892 τὸ

110 1940 168 1981 20
199 1928 419 1997 πλῆθος
466 1925 681 1982 σύνδυο
729 1924 1147 1997 λαμβανόμενοι
1192 1925 1284 1980 καὶ
1326 1927 1386 1981 ἐν
1425 1929 1501 2001 τῷ
1543 1922 1692 1999 αὐτῷ
1732 1924 1901 1999 λόγῳ,
1976 1915 1980 1918 ’

198 2006 235 2085 ᾖ
276 2013 338 2070 δὲ
376 2015 752 2088 τεταραγμένη
795 2011 981 2070 αὐτῶν
1022 2015 1055 2086 ἡ
1097 2011 1388 2086 ἀναλογία,
1427 2014 1519 2069 καὶ
1561 2009 1636 2069 δι’
1675 2020 1803 2069 ἴσον
1836 2015 1900 2069 ἐν

198 2106 274 2179 τῷ
315 2101 465 2180 αὐτῷ
506 2104 655 2180 λόγῳ
699 2108 936 2159 ἔσονται.

294 2189 587 2248 ’Έστωσαν
642 2204 788 2265 τρεῖς
842 2190 1079 2264 ἀριθμοὶ
1135 2195 1194 2248 οἶ
1244 2200 1320 2262 A,
1369 2198 1443 2262 Β,
1492 2196 1546 2247 Γ
1589 2191 1681 2247 καὶ
1737 2189 1901 2247 ἄλλοι.

199 2277 391 2346 αὐτοῖς
429 2287 543 2336 ἴσοι
582 2279 645 2336 τὸ
688 2287 906 2351 πλῆθος
946 2283 1004 2336 οἰ
1040 2288 1121 2351 A,
1151 2287 1225 2351 E,
1259 2287 1304 2336 Z
1356 2280 1572 2336 σύνδυο
1612 2279 1892 2352 λαμβανό-

108 2385 165 2425 25
198 2390 357 2440 μενοι
399 2371 459 2425 ἐν
498 2372 574 2445 τῷ
616 2366 767 2445 αὐτῷ
808 2369 976 2445 λόγῳ,
1017 2374 1154 2425 ἔστω
1198 2369 1259 2425 δὲ
1289 2370 1664 2440 τεταραγμένη
1709 2366 1897 2425 αὐτῶν

197 2455 232 2528 ἡ
288 2458 587 2530 ἀναλογία,
644 2456 718 2524 ὡς
765 2457 867 2530 μὲν
917 2456 946 2514 5
994 2467 1048 2514 A
1094 2457 1235 2529 πρὸς
1280 2457 1382 2514 τὸν
1420 2464 1495 2527 Β,
1545 2455 1722 2522 οὕτως
1769 2457 1798 2512 5
1846 2463 1900 2512 E

197 2546 337 2619 πρὸς
374 2544 474 2603 τὸν
516 2553 584 2618 Ζ,
621 2544 695 2613 ὡς
735 2547 798 2603 δὲ
838 2547 867 2603 5
909 2553 956 2602 Β
995 2546 1136 2617 πρὸς
1166 2546 1267 2603 τὸν
1301 2551 1363 2616 Γ,
1397 2544 1575 2610 οὕτως
1608 2543 1636 2601 5
1672 2553 1725 2600 A
1757 2544 1895 2618 πρὸς

197 2633 300 2690 τὸν
343 2640 409 2692 Ε.
484 2636 654 2706 λέγω,
705 2636 790 2691 ὅτι
838 2636 931 2691 καὶ
980 2633 1054 2691 δι’
1107 2643 1234 2691 ἴσου
1282 2635 1433 2690 ἐστὶν
1479 2632 1552 2699 ὡς
1593 2633 1621 2690 5
1666 2642 1718 2690 A
1756 2633 1894 2707 πρὸς

196 2721 296 2778 τὸν
339 2727 408 2794 Γ,
451 2721 627 2788 οὕτως
667 2721 696 2778 5
736 2730 792 2778 A
831 2720 968 2797 πρὸς
1005 2722 1108 2779 τὸν
1148 2730 1208 2779 Ζ.

317 2875 356 2916 2.
391 2869 439 2915 οἴ
466 2875 590 2928 τρεῖς
624 2870 725 2916 FV.
790 2867 1016 2928 ἀνάλογοι
1046 2887 1089 2929 p.
1229 2877 1270 2916 3.
1304 2868 1374 2928 οἶ]
1409 2866 1433 2915 5
1468 2870 1617 2917 BFV.
1764 2865 1789 2914 5
1823 2870 1894 2928 B]
