1988 3152
235 107 306 161 36
868 104 1204 148 ΣΤΟΙΧΕΙῼΝ
1236 120 1256 149 ε
1269 101 1295 151 ’.

235 229 487 281 ἔλαττον·
527 224 667 280 ὥστε
705 223 798 278 καὶ
838 226 889 278 εἰ
924 220 1178 295 ὑπερέχει
1214 221 1278 278 τὸ
1318 228 1385 278 Η
1413 226 1517 278 τοῦ
1555 228 1632 292 A,
1671 220 1925 293 ὑπερέχει

234 313 329 368 καὶ
367 312 429 368 τὸ
469 319 528 368 Κ
561 314 665 367 τοῦ
702 316 785 381 Ν,
833 310 926 365 καὶ
966 314 1017 366 εἰ
1055 317 1207 381 ἴσον,
1258 317 1410 380 ἴσον,
1457 310 1551 364 καὶ
1591 313 1642 365 εἰ
1680 312 1926 380 ἔλαττον,

236 404 480 456 ἔλαττον.
568 403 667 455 καί
723 401 838 455 ε’στι
898 398 966 454 τὰ
1024 399 1126 470 μὲν
1182 404 1263 468 Η,
1295 403 1354 453 Κ
1388 400 1501 453 τῶν
1542 405 1618 468 A,
1645 404 1697 452 Ε
1749 397 1929 463 ἰσάκις

234 488 647 558 πολλαπλάσια,
698 487 765 542 τὰ
806 487 868 543 δὲ
907 493 984 558 A,
1009 493 1075 542 Ν
1097 490 1211 542 τῶν
1242 493 1315 557 Β,
1343 492 1387 540 Ζ
1428 485 1594 556 ἄλλα,
1642 483 1677 540 ἃ
1719 489 1928 556 ἔτυχεν,

177 587 205 627 5
238 575 420 642 ἰσάκις
465 576 876 633 πολλαπλάσια·
932 580 1084 632 ἔστιν
1124 576 1236 648 ἄρα
1275 573 1350 640 ὡς
1387 574 1450 631 τὸ
1491 582 1546 630 Α
1582 572 1722 646 πρὸς
1757 573 1820 629 τὸ
1869 580 1928 644 Β,

237 663 414 731 οὕτως
451 664 515 721 τὸ
558 671 612 720 Ε
645 663 785 737 πρὸς
822 663 884 720 τὸ
925 670 986 719 Ζ.

351 756 425 808 Οἰ
461 754 572 826 ἄρα
609 757 686 830 τῷ
718 753 870 830 αὐτῷ
902 753 1052 827 λόγῳ
1088 754 1146 808 οἱ
1174 749 1335 808 αὐτοὶ
1366 751 1458 806 καὶ
1491 748 1755 822 ἀλλήλοις
1786 750 1929 805 εἰσὶν

237 843 296 897 οἱ
333 839 518 897 αὐτοί·
576 843 713 913 ὅπερ
754 845 867 897 ἔδει
908 842 1100 908 δεῖξαι.

1035 972 1131 1044 ιβ’.

150 1094 206 1136 10
346 1074 497 1132 Ἐὰν
542 1070 578 1150 ᾖ
629 1074 970 1132 ὁποσαοῦν
1025 1076 1273 1148 μεγέθη
1329 1073 1692 1145 ἀνάλογον,
1749 1077 1930 1129 ἔσται

234 1163 317 1231 ὡς
355 1162 428 1220 ἓν
467 1168 597 1221 τῶν
636 1163 1028 1237 ἡγουμένων
1067 1164 1229 1237 πρὸς
1268 1161 1341 1219 ἓν
1385 1167 1516 1219 τῶν
1565 1163 1931 1233 ἑπομένων,

236 1251 446 1319 οὕτως
499 1251 756 1309 ἅπαντα
809 1253 883 1309 τὰ
939 1251 1278 1325 ἡγούμενα
1332 1251 1499 1323 πρὸς
1549 1251 1803 1306 ἅπαντα
1858 1248 1931 1303 τὰ

235 1341 540 1413 ἑπόμενα.

333 1430 626 1486 ’Ἑστωσαν
667 1427 956 1486 ὁποσαοῦν
995 1430 1209 1502 μεγέθη
1250 1427 1538 1499 ἀνάλογον
1576 1426 1642 1483 τὰ
1684 1435 1753 1498 Α,
1779 1433 1845 1497 Β,
1870 1430 1934 1496 Γ,

148 1535 204 1577 15
239 1525 313 1589 Δ,
344 1525 404 1589 Ε,
431 1525 494 1589 Ζ,
528 1516 604 1584 ὡς
641 1517 703 1574 τὸ
736 1526 789 1573 A
818 1517 958 1591 πρὸς
987 1517 1050 1574 τὸ
1084 1525 1150 1588 Β,
1194 1517 1371 1583 οὕτως
1408 1517 1470 1573 τὸ
1506 1521 1559 1571 Γ
1582 1514 1720 1589 πρὸς
1757 1515 1820 1571 τὸ
1863 1522 1935 1585 A,

236 1607 328 1663 καὶ
367 1604 431 1662 τὸ
471 1613 525 1661 Ε
559 1605 699 1679 πρὸς
735 1605 797 1663 τὸ
839 1613 907 1662 Ζ·
956 1608 1124 1678 λέγω,
1174 1606 1259 1662 ὅτι
1299 1605 1449 1662 ἐστὶν
1491 1603 1565 1671 ὥς
1603 1604 1666 1661 τὸ
1707 1612 1760 1661 A
1800 1602 1937 1676 πρὸς

237 1693 299 1751 τὸ
340 1702 412 1766 Β,
455 1693 633 1761 οὕτως
671 1693 738 1750 τὰ
777 1703 858 1766 A,
884 1701 954 1767 Γ,
980 1702 1033 1751 Ε
1068 1693 1207 1767 πρὸς
1243 1692 1310 1749 τὰ
1350 1700 1424 1764 Β,
1451 1701 1531 1764 A,
1558 1699 1617 1748 Ζ.

352 1784 633 1855 Εἰλήφθω
681 1783 790 1857 γὰρ
829 1787 942 1840 τῶν
982 1783 1085 1855 μὲν
1124 1790 1195 1853 A,
1221 1787 1283 1853 Γ,
1311 1789 1364 1838 Ε
1401 1782 1580 1848 ἰσάκις
1628 1778 1939 1836 πολλαπλά-

241 1887 334 1927 σια
379 1870 446 1927 τὰ
498 1877 579 1942 Η,
604 1877 676 1942 Θ,
703 1877 781 1943 Κ,
836 1875 950 1928 τῶν
999 1870 1061 1926 δὲ
1110 1877 1182 1942 Β,
1210 1877 1362 1942 Δ,Ζ
1415 1872 1581 1941 ἄλλα,
1638 1867 1672 1925 ἃ
1727 1873 1934 1940 ἔτυχεν,

157 1978 216 2019 20
248 1959 430 2026 ἰσάκις
467 1959 855 2016 πολλαπλάσια
892 1958 959 2016 τὰ
1001 1966 1077 2030 A,
1104 1966 1193 2031 Μ,
1218 1965 1290 2015 N.

354 2049 468 2104 Καὶ
524 2051 646 2105 ἐπεί
689 2052 839 2106 ἐστιν
888 2046 963 2114 ὥς
1007 2045 1069 2103 τὸ
1119 2055 1172 2102 Α
1218 2046 1358 2120 πρὸς
1402 2046 1466 2104 τὸ
1515 2052 1588 2117 Β,
1646 2046 1822 2111 οὕτως
1873 2044 1936 2101 τὸ

244 2143 297 2193 Γ
337 2136 478 2210 πρὸς
525 2136 587 2193 τὸ
638 2145 718 2208 A,
772 2137 866 2192 καὶ
913 2135 976 2192 τὸ
1023 2143 1077 2192 Ε
1119 2134 1257 2207 πρὸς
1302 2133 1364 2192 τὸ
1413 2141 1483 2206 Ζ,
1539 2134 1633 2190 καὶ
1687 2141 1938 2206 εἴληπται

243 2229 358 2281 τῶν
412 2225 516 2296 μὲν
563 2232 641 2295 A,
676 2231 747 2296 Γ,
774 2232 826 2280 Ε
870 2225 1051 2290 ἰσάκις
1103 2223 1490 2280 πολλαπλάσια
1542 2221 1610 2277 τὰ
1664 2228 1746 2293 Η,
1780 2228 1850 2292 Θ,
1885 2228 1942 2277 Κ

244 2317 358 2369 τῶν
399 2313 462 2369 δὲ
500 2315 574 2383 Β,
601 2321 682 2384 A,
709 2319 754 2368 Ζ
793 2314 961 2384 ἄλλα,
1002 2311 1037 2367 ἃ
1078 2317 1295 2385 ἔτυχεν,
1337 2310 1517 2377 ἰσάκις
1554 2309 1940 2367 πολλαπλάσια

155 2419 213 2460 25
245 2401 313 2458 τὰ
354 2409 431 2473 Λ,
455 2407 546 2473 Μ,
571 2407 654 2472 Ν,
704 2405 756 2458 εἰ
793 2401 903 2475 ἄρα
940 2400 1192 2475 ὑπερέχει
1231 2399 1293 2456 τὸ
1334 2406 1401 2456 Η
1429 2403 1532 2456 τοῦ
1571 2405 1640 2470 A,
1680 2397 1937 2471 ὑπερέχει

244 2491 337 2546 καὶ
375 2490 439 2546 τὸ
479 2496 527 2545 Θ
557 2494 658 2547 τοῦ
697 2496 781 2562 Μ,
819 2491 911 2546 καὶ
950 2490 1013 2546 τὸ
1054 2496 1111 2546 Κ
1139 2499 1242 2546 τοῦ
1274 2495 1349 2560 Ν,
1387 2488 1480 2545 καὶ
1520 2491 1572 2544 εἰ
1610 2494 1754 2559 ἴσον,
1796 2494 1940 2558 ἴσον,

365 2661 467 2706 XII.
500 2661 724 2707 Eutocius
755 2660 806 2704 in
836 2659 1042 2707 Archim.
1076 2660 1143 2704 III
1173 2674 1217 2717 p.
1255 2664 1360 2716 136,
1393 2662 1464 2703 25.

367 2822 408 2862 2.
437 2815 647 2874 ἔλασσον,
673 2813 868 2861 ἔλασσον
884 2815 940 2861 V.
1025 2820 1065 2859 4.
1093 2815 1146 2873 Ζ]
1168 2819 1209 2859 Δ
1225 2815 1275 2859 Ρ.
1360 2808 1412 2872 ἅ]
1440 2825 1579 2869 supra
1594 2812 1645 2857 F.
1731 2816 1768 2857 7.
1795 2808 1940 2929 Myce}

247 2876 305 2932 P;
337 2873 466 2934 λόγοι
498 2876 684 2932 BFVp.
811 2880 878 2920 16.
914 2871 1057 2930 ἐστίν]
1091 2888 1179 2919 om.
1212 2874 1261 2919 F.
1387 2877 1456 2917 17.
1487 2868 1566 2930 τά]
1600 2867 1652 2916 τό
1689 2870 1739 2916 F.
1862 2866 1919 2915 τά
