1988 3152
126 1026 181 1066 10

209 101 319 155 386
831 101 1168 143 ΣΤΟΙΧΕΙῼΝ
1198 98 1272 147 θ’.

210 218 499 291 ἀλλήλους.
573 220 742 290 λέγω,
792 218 878 274 ὅτι
924 218 1017 272 καὶ
1066 216 1242 284 οὕτως
1281 217 1566 276 ἀδύνατόν
1615 222 1765 275 ἐστιν
1806 219 1903 276 αὐ-

208 320 326 373 τοῖς
363 310 625 378 τέταρτον
665 304 949 377 ἀνάλογον
989 318 1337 380 προσευρεῖν.
1399 311 1450 363 εί
1486 307 1594 381 γὰρ
1636 309 1904 378 δυνατόν,

210 396 625 469 προσευρήσθω
668 394 697 452 5
739 402 822 466 A,
863 396 1003 451 ὥστε
1037 393 1183 452 εἶναι
1217 394 1292 462 ὥς
1322 395 1422 452 τὸν
1453 404 1507 452 Α
1537 396 1678 469 πρὸς
1709 395 1809 452 τὸν
1841 403 1908 467 Β,

209 485 310 541 τὸν
358 489 411 539 Γ
450 503 591 558 προς
635 482 736 540 τὸν
778 491 857 554 A,
903 485 996 540 καὶ
1042 486 1316 556 γεγονέτω
1358 483 1431 551 ὡς
1471 484 1500 541 5
1542 492 1588 540 Β
1627 484 1768 555 πρὸς
1806 484 1906 541 τὸν

212 579 282 645 Γ,
338 571 368 629 5
425 579 480 628 A
532 571 672 646 πρὸς
717 572 817 628 τὸν
864 580 926 630 Ε.
1003 574 1095 628 καὶ
1143 576 1264 629 ἐπεί
1307 576 1456 630 ἐστιν
1504 572 1577 640 ὥς
1623 575 1724 645 μὲν
1772 572 1800 629 5
1856 582 1908 629 A

210 660 352 734 πρὸς
390 660 490 717 τὸν
531 667 600 733 Β,
641 658 669 716 5
712 666 767 715 Γ
796 660 935 733 πρὸς
971 661 1074 718 τὸν
1114 670 1194 733 A,
1249 661 1322 728 ὡς
1363 663 1424 718 δὲ
1465 661 1494 719 5
1537 669 1583 718 Β
1623 662 1762 735 πρὸς
1805 661 1907 718 τὸν

211 755 282 820 Γ,
323 748 352 805 5
396 757 450 804 A
487 748 626 822 πρὸς
664 748 765 805 τὸν
805 757 879 820 Ε,
921 749 995 805 δι’
1042 757 1169 806 ἴσου
1209 750 1318 824 ἄρα
1358 748 1432 816 ὡς
1472 748 1501 807 5
1544 759 1596 806 A
1634 750 1773 823 πρὸς
1804 750 1905 806 τὸν

212 843 272 910 Γ,
313 835 342 894 5
385 843 438 894 Γ
468 838 608 912 πρὸς
645 838 746 894 τὸν
787 845 848 894 Ε.
914 841 972 894 οἱ
1007 839 1069 895 δὲ
1109 847 1179 910 A,
1212 845 1266 895 Γ
1297 843 1531 913 πρῶτοι,
1573 841 1631 895 οἱ
1668 839 1728 895 δὲ
1767 843 1908 911 πρῶ-

212 949 299 982 τοι
336 928 429 983 καὶ
470 926 774 999 ἐλάχιστοι,
815 930 874 983 οἰ
909 928 971 984 δὲ
1011 928 1288 1000 ἐλάχιστοι
1327 931 1592 1001 μετροῦσι
1639 926 1771 993 τοὺς
1807 927 1910 983 τὸν

215 1015 391 1072 αὐτὸν
431 1015 604 1087 λόγον
646 1020 872 1088 ἔχοντας
912 1016 944 1072 ὅ
982 1039 1040 1073 τε
1087 1015 1399 1090 ἡγούμενος
1444 1017 1544 1073 τὸν
1591 1015 1910 1088 ἡγούμενον

213 1105 306 1161 καὶ
354 1103 382 1161 5
434 1103 705 1176 ἑπόμενος
750 1105 851 1161 τὸν
891 1105 1182 1178 ἑπόμενον.
1258 1117 1449 1179 μετρεῖ
1485 1105 1594 1178 ἄρα
1635 1104 1664 1161 5
1706 1114 1759 1161 A
1809 1105 1910 1162 τὸν

213 1199 266 1250 Γ
307 1191 380 1260 ὡς
426 1192 738 1265 ἡγούμενος
784 1194 1119 1268 ηγούμενον.
1197 1207 1385 1267 μετρεῖ
1429 1195 1490 1251 δὲ
1544 1195 1635 1250 καὶ
1684 1194 1910 1251 ἑαυτόν·

157 1289 161 1293 ’
215 1280 244 1339 5
287 1290 339 1338 A
379 1281 490 1354 ἄρα
527 1282 660 1348 τοὺς
692 1291 762 1353 A,
794 1288 847 1339 Γ
880 1295 1068 1356 μετρεῖ
1095 1282 1348 1356 πρώτους
1381 1282 1548 1350 ὄντας
1579 1285 1717 1357 πρὸς
1748 1281 1911 1355 ἀλλή-

129 1468 183 1510 15

215 1377 372 1437 λους·
425 1369 561 1443 ὅπερ
611 1371 761 1426 ἐστὶν
808 1369 1108 1428 ἀδύνατον.
1189 1371 1293 1428 οὐκ
1340 1372 1449 1443 ἄρα
1494 1384 1611 1439 τοῖς
1651 1381 1727 1444 A,
1759 1379 1832 1442 Β,
1865 1378 1917 1428 Γ

221 1459 472 1515 δυνατόν
514 1461 629 1515 ἐστι
667 1461 931 1532 τέταρτον
971 1458 1258 1532 ἀνάλογον
1297 1473 1645 1533 προσευρεῖν.

323 1547 486 1604 Ἀλλὰ
540 1547 608 1619 δὴ
665 1547 834 1604 πάλιν
883 1553 1131 1605 ἔστωσαν
1187 1552 1246 1605 οἱ
1295 1557 1372 1626 A,
1406 1556 1476 1621 Β,
1508 1554 1561 1604 Γ
1609 1550 1732 1621 ἑξῆς
1783 1547 1913 1604 ἆνά-

217 1644 415 1709 λογον,
464 1640 522 1692 οἱ
565 1636 627 1692 δὲ
680 1645 752 1704 A,
787 1642 840 1692 Γ
886 1636 960 1708 μὴ
1011 1641 1261 1693 ἔστωσαν
1307 1642 1515 1711 πρῶτοι
1569 1636 1708 1710 πρὸς
1753 1634 1914 1708 άλλή-

217 1732 363 1791 λους.
434 1726 602 1796 λέγω,
645 1723 729 1781 ὅτι
771 1725 1018 1782 δυνατόν
1058 1727 1209 1782 ἐστιν
1250 1724 1442 1791 αὐτοῖς
1478 1727 1740 1798 τέταρτον
1780 1723 1916 1781 ἀνά-

218 1821 389 1886 λογον
436 1824 785 1887 προσευρεῖν.
864 1813 894 1869 5
942 1812 1049 1887 γὰρ
1098 1821 1145 1870 Β
1184 1813 1284 1871 τὸν
1331 1820 1384 1870 Γ
1425 1814 1915 1880 πολλαπλασιάσας

139 1913 196 1954 20
221 1903 321 1960 τὸν
379 1910 432 1958 A
479 1908 725 1959 ποιείτω·
783 1902 806 1959 ‹‘
862 1911 914 1958 A
962 1900 1070 1975 ἄρα
1116 1900 1217 1958 τὸν
1267 1911 1322 1958 A
1368 1902 1491 1975 ἤτοι
1531 1914 1720 1975 μετρεῖ
1762 1900 1795 1974 ἢ
1847 1901 1915 1958 οὐ

220 2004 421 2065 μετρεῖ.
499 1997 758 2064 μετρείτω
807 1989 983 2047 αὐτὸν
1029 1989 1304 2063 πρότερον
1351 1991 1488 2047 κατὰ
1528 1991 1630 2048 τὸν
1671 1999 1740 2047 Ε·
1791 1992 1819 2047 ὁ
1861 1998 1914 2046 Α

221 2081 328 2152 ἄρα
375 2079 476 2136 τὸν
524 2087 577 2136 Ε
611 2078 1100 2145 πολλαπλασιάσας
1139 2078 1238 2135 τὸν
1280 2086 1336 2135 A
1380 2085 1695 2152 πεποίηκεν.
1772 2079 1912 2136 ἀλλὰ

221 2169 332 2242 μὴν
363 2170 456 2225 καὶ
490 2169 520 2225 5
554 2175 600 2224 Β
633 2159 733 2225 τὸν
765 2173 818 2224 Γ
849 2167 1339 2234 πολλαπλασιάσας
1369 2168 1471 2225 τὸν
1505 2176 1560 2224 Δ
1590 2173 1911 2240 πεποίηκεν·

223 2258 252 2315 5
287 2257 397 2330 ἄρα
431 2260 488 2314 ἐκ
527 2262 639 2314 τῶν
678 2265 748 2329 A,
782 2264 834 2313 E
869 2265 989 2324 ἴσος
1028 2259 1142 2314 ἐστὶ
1180 2262 1255 2334 τῷ
1297 2260 1356 2315 ἐκ
1395 2261 1506 2314 τῶν
1545 2265 1618 2329 Β,
1651 2263 1711 2315 Γ.
1782 2257 1916 2315 ἀνά-

133 2360 190 2400 25
221 2354 394 2419 λογον
449 2346 558 2418 ἄρα
614 2348 810 2417 [ἐστὶν]
860 2347 934 2412 ὡς
980 2346 1008 2402 ὁ
1059 2353 1112 2402 A
1156 2346 1296 2418 πρὸς
1339 2349 1440 2404 τὸν
1487 2354 1557 2419 Β,
1606 2347 1636 2403 5
1687 2353 1741 2403 Γ
1778 2347 1917 2420 πρὸς

223 2434 324 2491 τὸν
370 2441 439 2490 Ε·
488 2447 604 2501 τοῖς
650 2442 728 2506 Α,
761 2442 835 2506 Β,
868 2441 920 2491 Γ
964 2433 1074 2508 ἄρα
1119 2436 1375 2508 τέταρτος
1420 2435 1703 2507 ἀνάλογον
1749 2453 1916 2508 προσ·

223 2524 462 2597 ηύρηται
504 2524 533 2580 5
575 2531 637 2580 E.

332 2610 493 2668 Ἀλλόε
538 2611 607 2683 δὴ
649 2610 722 2684 μὴ
764 2617 1026 2684 μετρείτω
1069 2612 1097 2668 5
1134 2621 1185 2668 A
1216 2615 1317 2669 τὸν
1351 2620 1427 2668 A·
1467 2615 1628 2684 λέγω,
1669 2612 1753 2670 ὅτι
1786 2612 1918 2669 ἀδύ-

348 2782 386 2820 1.
411 2776 526 2821 Post
548 2771 774 2846 ἀλλήλους
797 2776 900 2819 add.
927 2777 977 2820 in
994 2778 1049 2822 Ρ.
1083 2762 1298 2834 ἄλέγω,
1324 2793 1395 2820 οτι
1418 2777 1500 2820 καὶ
1519 2793 1666 2827 ουτως
1690 2772 1917 2820 δυνατόν·

227 2834 274 2880 εἰ
301 2833 392 2908 γὰρ
425 2831 449 2879 5
482 2840 518 2879 A
549 2833 631 2879 τὸν
663 2830 758 2879 ὑπὸ
795 2839 854 2903 Β,
889 2838 933 2879 Γ
966 2842 1147 2909 μετρεῖ,
1184 2834 1473 2908 προβήσεται
1502 2833 1531 2892 ἡ
1572 2836 1717 2889 δεῖξις
1748 2832 1919 2906 ὁμοίως

225 2900 325 2945 τοῖς
370 2891 489 2951 ἑξῆς.
562 2894 607 2939 εἰ
651 2892 704 2939 δὲ
754 2891 808 2939 οὐ
853 2901 1020 2952 μετρεῖ
1065 2891 1089 2939 5
1137 2900 1174 2939 A
1211 2892 1294 2940 τὸν
1333 2890 1426 2939 ὑπὸ
1471 2898 1529 2950 Β,
1570 2897 1631 2952 Γ,
1677 2890 1918 2939 ἀδύνατον
