1988 3152
229 132 336 185 106
829 188 833 191 ‚
857 87 1192 172 ΣΤοΙΧΕΙῼΝ
1224 126 1291 172 ς’.

323 247 504 304 ’Ἑστω
559 246 594 319 ἡ
651 247 753 319 μὲν
807 249 1044 303 δοθεῖσα
1087 246 1284 304 εὐθεῖα
1334 246 1575 319 ἄτμητος
1619 244 1654 318 ἡ
1695 253 1748 301 A
1758 252 1832 317 Β,
1879 244 1915 316 ἡ

230 337 292 393 δὲ
350 337 655 407 τετμημένη
717 332 752 406 ἡ
816 340 931 391 ΑΓ
985 333 1122 391 κατὰ
1182 334 1251 392 τὰ
1314 342 1394 406 Δ,
1436 341 1488 390 Ε
1539 345 1763 407 σημεῖα,
1823 334 1916 393 καὶ

228 429 547 482 κείσθωσαν
603 425 743 479 ὥστε
820 428 1034 495 γωνίαν
1106 427 1388 496 τυχοῦσαν
1456 425 1754 496 περιέχειν,
1823 422 1916 477 καὶ

230 512 540 585 ἐπεζεύχθω
589 509 623 584 ἡ
673 517 800 582 ΓΒ,
849 513 939 566 καὶ
991 511 1084 567 διὰ
1130 515 1242 568 τῶν
1283 518 1364 582 Δ,
1390 518 1441 566 Ε
1468 515 1533 585 τῇ
1566 516 1677 566 ΒΓ
1708 509 1917 580 παράλ-

169 613 196 653 5
228 608 387 673 ληλοι
433 598 704 673 ἤχθωσαν
751 602 815 655 αἰ
860 605 996 671 ΔΖ,
1022 605 1160 671 ΕΗ,
1210 598 1304 656 διὰ
1352 600 1413 656 δὲ
1458 603 1560 655 τοῦ
1609 606 1663 654 Δ
1701 602 1766 672 τῇ
1809 604 1915 653 ΑΒ

229 689 580 764 παραλληλος
617 689 778 761 ἤχθω
821 686 854 760 ἡ
897 643 1084 743 ΛΘΚ.

339 777 940 850 Παραλληλόγραμμον
988 799 1098 850 αρα
1147 776 1297 832 ἐστὶν
1345 741 1607 849 ἕκατερον
1645 779 1758 831 τῶν
1800 781 1917 846 ΖΘ,

230 873 354 922 ΘΒ·
405 873 497 936 ἴση
546 888 656 938 αρα
706 862 740 937 ἡ
783 865 887 937 μὲν
927 870 1038 919 ΔΘ
1075 867 1140 937 τῇ
1182 870 1318 935 ΖΗ,
1358 862 1392 936 ἡ
1435 863 1497 920 δὲ
1536 870 1644 920 ΘΚ
1683 867 1749 938 τῆ
1790 870 1918 920 ΗΒ.

225 955 320 1011 καὶ
371 954 486 1011 ἐπεὶ
539 975 819 1027 τριγωνου
865 956 967 1008 τοῦ
1017 957 1197 1008 ΔΚΓ
1237 951 1386 1025 παρὰ
1435 957 1570 1025 μίαν
1607 975 1719 1008 των
1759 959 1920 1008 πλευ-

147 1055 201 1094 10
234 1047 352 1118 ρῶν
406 1044 507 1116 τὴν
562 1048 679 1099 ΚΓ
725 1041 922 1098 εὐθεῖα
975 1035 1135 1113 ἦκται
1190 1039 1224 1113 ἡ
1281 1047 1409 1112 ΘΕ,
1472 1040 1755 1113 ἀνάλογον
1810 1040 1921 1113 ἄρα

228 1133 379 1189 ἐστὶν
435 1130 510 1198 ὡς
562 1129 596 1203 ἡ
646 1136 755 1187 ΓΕ
795 1130 936 1205 πρὸς
983 1128 1086 1202 τὴν
1135 1136 1273 1201 ΕΔ,
1323 1130 1499 1195 οὕτως
1545 1127 1579 1201 ἡ
1628 1134 1738 1184 ΚΘ
1783 1128 1922 1202 πρὸς

227 1220 332 1293 τὴν
385 1227 511 1277 ΘΛ.
590 1226 681 1291 ἴση
740 1219 801 1275 δὲ
847 1217 882 1291 ἡ
929 1218 1031 1291 μὲν
1080 1225 1191 1274 ΚΘ
1236 1222 1302 1292 τῇ
1343 1223 1482 1289 ΒΗ,
1529 1215 1564 1289 ἡ
1605 1214 1817 1274 δὲ’ΘΛ
1855 1220 1920 1290 τῇ

231 1315 359 1367 ΗΖ.
439 1314 589 1365 ἔστιν
636 1307 747 1381 ἄρα
787 1306 862 1374 ὥς
907 1306 941 1382 ἡ
992 1312 1098 1363 ΓΕ
1147 1307 1286 1379 πρὸς
1332 1305 1434 1378 τὴν
1475 1313 1615 1377 ΕΔ,
1671 1306 1848 1371 οὕτως
1887 1303 1921 1378 ἡ

232 1404 354 1454 ΒΗ
385 1396 522 1471 πρὸς
559 1395 663 1468 τὴν
703 1402 828 1452 ΗΖ.
899 1395 1086 1465 πάλιν,
1128 1395 1243 1451 ἐπεὶ
1275 1394 1557 1468 τριγώνου
1595 1397 1699 1450 τοῦ
1745 1400 1925 1449 ΑΗΕ

150 1495 204 1536 15
235 1485 384 1559 παρὰ
425 1490 559 1558 μίαν
597 1488 710 1541 τῶν
749 1487 1006 1558 πλευρῶν
1046 1483 1149 1556 τὴν
1188 1489 1306 1539 ΗΕ
1341 1476 1502 1556 ἦκται
1542 1480 1576 1555 ἡ
1618 1488 1747 1553 ZA,
1789 1480 1924 1537 ἀνά-

231 1582 403 1647 λογον
450 1574 561 1647 ἄρα
608 1573 758 1630 ἐστὶν
806 1571 880 1640 ὡς
925 1571 959 1645 ἡ
1000 1579 1114 1628 EA
1151 1572 1291 1645 πρὸς
1336 1571 1440 1644 τὴν
1482 1578 1623 1642 ΔΑ,
1672 1570 1849 1637 οὕτως
1888 1567 1922 1642 ἡ

232 1670 347 1720 ΗΖ
394 1661 533 1736 πρὸς
579 1660 681 1735 τὴν
722 1668 841 1717 ΖΑ.
921 1663 1147 1733 ἐδείχθη
1198 1660 1260 1717 δὲ
1306 1661 1399 1716 καὶ
1448 1658 1524 1726 ὡς
1570 1657 1603 1732 ἡ
1645 1664 1752 1715 ΓΕ
1787 1658 1924 1731 πρὸς

234 1751 338 1824 τὴν
378 1759 518 1823 ΕΔ,
560 1752 738 1816 οὕτως
776 1747 810 1821 ἡ
852 1756 974 1806 ΒΗ
1004 1748 1143 1822 πρὸς
1179 1748 1284 1821 τὴν
1323 1755 1458 1805 ΗΖ·
1507 1752 1659 1804 ἔστιν
1699 1747 1810 1821 ἄρα
1849 1745 1924 1814 ὥς

235 1841 338 1914 μὲν
385 1839 419 1912 ἡ
467 1846 577 1897 ΓΕ
619 1838 756 1912 πρὸς
809 1838 913 1910 τὴν
962 1845 1099 1909 ΕΔ,
1157 1836 1333 1904 οὕτως
1382 1836 1416 1909 ἡ
1466 1843 1589 1893 ΒΗ
1628 1836 1767 1910 πρὸς
1820 1834 1922 1908 τὴν

149 1938 207 1978 20
236 1936 366 2001 ΗΖ,
408 1927 482 1995 ὡς
522 1929 584 1985 δὲ
622 1926 656 2000 ἡ
697 1934 813 1984 EA
850 1926 989 2001 πρὸς
1026 1926 1128 2000 τὴν
1169 1934 1303 1998 ΔΛ,
1345 1924 1521 1993 οὕτως
1559 1923 1594 1998 ἡ
1633 1931 1744 1981 ΗΖ
1784 1923 1923 1998 πρὸς

234 2018 339 2090 τὴν
381 2025 502 2074 ΖΑ.
1932 2040 1934 2042 ·

335 2105 410 2163 Ἡ
458 2104 567 2177 ἄρα
624 2109 860 2161 δοθεῖσα
900 2103 1112 2161 ὶεύθεῖα
1160 2103 1400 2176 ἄτμητος
1459 2101 1494 2175 ἡ
1544 2109 1654 2160 ΑΒ
1707 2106 1773 2171 τῇ
1832 2105 1924 2158 δο-

234 2202 400 2269 θείσῃ
465 2193 664 2268 εὐθείᾳ
724 2194 1031 2266 τετμημένῃ
1093 2196 1159 2265 τῇ
1214 2197 1329 2249 ΛΓ
1373 2190 1579 2264 ὁμοίως
1645 2192 1924 2263 τέτμηται·

239 2283 374 2355 ὅπερ
416 2287 528 2338 ἔδει
568 2285 816 2354 ποιῆσαι·

150 2459 206 2501 25
392 2473 394 2476 >
1034 2442 1128 2499 ια’.

347 2549 488 2605 Δύο
553 2551 884 2604 δοθεισῶν
947 2544 1235 2603 εὐθειῶν
1298 2549 1527 2619 τρίτην
1589 2543 1925 2616 ἀνάλογον

241 2647 654 2712 προσευρεῖν.

357 2791 398 2831 2.
430 2787 546 2831 Post
574 2787 668 2828 ΑΓ
693 2784 798 2829 add.
831 2784 895 2829 V:
930 2786 1013 2829 δεῖ
1036 2781 1094 2840 δὴ
1121 2781 1207 2840 τὴν
1231 2787 1314 2828 AB
1320 2778 1544 2855 ἄτμητον
1568 2783 1623 2842 τῇ
1650 2785 1742 2827 ΑΓ
1760 2797 1925 2839 τετμη-

239 2844 357 2903 μένῃ
398 2841 571 2903 ὃμοίως
607 2859 737 2901 τεμει
741 2860 780 2890 ν.
851 2840 967 2889 ἔστω
1006 2842 1268 2916 τετμημένη
1309 2839 1338 2900 ἡ
1370 2845 1469 2886 ΑΓ.
1621 2846 1664 2885 4.
1700 2842 1805 2899 ΓΒ]
1839 2842 1930 2884 ΒΓ

239 2906 337 2962 Bp,
369 2905 412 2950 V
444 2918 468 2949 e
501 2918 615 2949 corr.
648 2918 709 2948 m
743 2907 783 2946 2.
907 2907 948 2947 5.
982 2901 1064 2961 δέ]
1099 2916 1188 2947 om.
1221 2917 1267 2959 p.
1389 2905 1429 2947 8.
1466 2901 1577 2959 ΗΒ]
1604 2901 1775 2956 ΜΒΓ,
1809 2913 1925 2944 corr.
