1988 3152
209 123 318 177 342
832 123 1167 165 ΣΤοῙΧΕΙΩΝ
1196 118 1271 166 θ’.

1014 269 1089 340 β’.

314 372 459 428 Ἐὰν
501 373 620 428 δύο
661 371 940 444 ἀριθμοὶ
972 374 1671 437 πολλαπλασιάσαντες
1702 371 1896 442 άλλή-
1977 362 1985 386 ⁷

210 469 365 526 λους
409 465 650 517 ποιῶσι
697 461 1145 532 τετράγωνον,
1194 461 1421 534 ὅμοιοι
1470 463 1777 517 ἐπίπεδοί
1810 466 1895 515 εἰ·

210 566 317 605 σιν
356 547 650 622 ἀριθμοί.

149 658 175 697 5
307 637 599 694 ’Ἑστωσαν
647 638 752 695 δύο
801 637 1037 711 ἀριθμοὶ
1086 642 1143 694 οἱ
1180 647 1259 709 A,
1299 645 1370 708 B,
1418 639 1508 693 καὶ
1549 636 1578 692 6
1621 646 1673 692 A
1710 637 1810 693 τὸν
1850 644 1896 692 Β
1986 643 1988 649 '

210 727 699 793 πολλαπλασιάσας
728 727 1079 801 τετράγωνον
1110 727 1211 783 τὸν
1236 731 1289 782 Γ
1312 731 1557 782 ποιείτω·
1613 728 1772 797 λέγω,
1813 726 1898 782 ὅτι

210 817 269 870 οἱ
304 823 374 885 A,
412 821 459 870 Β
494 815 679 886 ὅμοιοι
719 818 973 871 ἐπίπεδοί
1008 819 1150 871 εἰσιν
1191 813 1443 887 ἀριθμοί.

310 903 369 958 Ὁ
417 903 525 975 γάρ
565 912 618 959 A
657 903 858 960 ἑαυτὸν
897 903 1384 970 πολλαπλασιάσας
1422 901 1520 959 τὸν
1562 911 1615 958 A
1654 908 1897 960 ποιείτω’

208 990 237 1047 6
271 999 326 1047 A
365 991 474 1063 ἄρα
511 992 856 1066 τετράγωνός
896 995 1061 1049 ἐστιν.
1122 994 1215 1048 καὶ
1255 994 1369 1049 ἐπεὶ
1409 990 1439 1048 6
1472 1000 1525 1047 A
1564 992 1765 1048 ἑαυτὸν
1798 993 1899 1063 μὲν

127 1101 183 1140 10
214 1083 702 1148 πολλαπλασιάσας
747 1081 847 1138 τὸν
887 1090 943 1137 A
988 1087 1311 1154 πεποίηκεν,
1358 1082 1457 1138 τὸν
1507 1082 1568 1137 δὲ
1607 1089 1654 1137 Β
1702 1087 1899 1137 πολλα-

208 1169 520 1235 πλασιάσας
557 1168 658 1227 τὸν
697 1176 750 1226 Γ
781 1175 1105 1242 πεποίηκεν,
1146 1175 1296 1227 ἔστιν
1336 1172 1446 1243 ἄρα
1485 1169 1559 1237 ὡς
1598 1171 1627 1227 6
1669 1178 1722 1225 A
1760 1169 1899 1242 πρὸς

208 1258 310 1315 τὸν
349 1265 422 1330 Β,
471 1259 501 1315 6
543 1266 599 1314 A
643 1258 780 1332 πρὸς
827 1258 926 1315 τὸν
966 1265 1026 1316 Γ.
1103 1261 1194 1315 καὶ
1235 1260 1351 1315 ἐπεὶ
1392 1259 1421 1315 6
1465 1267 1518 1314 A
1557 1259 1903 1330 τετράγωνός

211 1350 388 1419 ἐστιν,
444 1345 585 1403 ἀλλὰ
638 1350 731 1404 καὶ
780 1347 810 1404 6
850 1354 913 1419 Γ,
964 1352 1021 1404 οἱ
1058 1356 1138 1420 A,
1180 1354 1232 1403 Γ
1272 1348 1382 1421 ἄρα
1430 1347 1613 1419 ὅμοιοι
1654 1351 1909 1404 ἐπίπεδοί

214 1441 372 1493 εἰσιν.
447 1441 561 1493 τῶν
601 1445 683 1508 A,
722 1443 775 1493 Γ
814 1436 924 1509 ἄρα
974 1432 1053 1504 εἷς
1099 1439 1265 1509 μέσος
1304 1435 1589 1507 ἀνάλογον
1630 1439 1900 1508 ἐμπίπτει.

123 1542 178 1582 15
212 1531 310 1581 καί
345 1527 495 1582 ἐστιν
536 1524 610 1592 ὥς
649 1525 679 1582 6
723 1533 779 1580 A
815 1524 955 1597 πρὸς
992 1525 1093 1582 τὸν
1132 1531 1196 1596 Γ,
1249 1526 1425 1590 οὕτως
1465 1523 1494 1581 6
1534 1534 1587 1580 A
1626 1525 1765 1597 πρὸς
1802 1525 1902 1580 τὸν

209 1622 276 1671 Β·
340 1616 435 1670 καὶ
479 1618 594 1670 τῶν
634 1622 711 1686 Α,
752 1621 799 1669 Β
847 1614 956 1687 ἄρα
1001 1610 1079 1681 εἷς
1118 1615 1283 1686 μέσος
1322 1612 1605 1684 ἀνάλογον
1639 1617 1901 1686 ἐμπίπτει.

210 1703 310 1761 ἐὰν
366 1703 428 1759 δὲ
483 1703 588 1759 δύο
644 1701 909 1775 ἀριθμῶν
963 1698 1042 1769 εἷς
1096 1705 1260 1774 μέσος
1315 1700 1597 1773 ἀνάλογον
1650 1705 1902 1775 ἐμπίπτῃ,

210 1791 398 1864 ὅμοιοι
425 1794 679 1848 ἐπίπεδοί
706 1797 848 1848 εἰσιν
883 1795 988 1861 [οἱ]
1026 1791 1284 1865 ἀριθμοί·
1327 1795 1385 1848 οἱ
1415 1791 1523 1860 ἄρα
1547 1799 1617 1861 A,
1644 1798 1690 1846 Β
1717 1790 1908 1863 ὅμοιοί

211 1885 355 1938 εἰσιν
393 1883 663 1938 ἐπίπεδοι·
735 1880 870 1954 ὅπερ
913 1885 1025 1937 ἔδει
1066 1883 1254 1948 δεῖξαι.

121 2082 177 2122 20
1019 2067 1054 2115 γ
1081 2089 1092 2099 ·

318 2146 464 2203 Ἐὰν
496 2148 698 2218 κύβος
728 2145 1015 2220 ἀριθμὸς
1047 2146 1288 2203 ἑαυτὸν
1320 2145 1902 2211 πολλαπλασιάσας

214 2240 367 2309 ποιῇ
408 2258 580 2305 τινα,
622 2235 651 2292 6
691 2236 1055 2308 γενόμενος
1092 2236 1294 2308 κύβος
1326 2241 1522 2292 ἔσται.

324 2326 519 2395 Κύβος
563 2326 672 2396 γὰρ
721 2325 965 2398 ἀριθμὸς
1012 2323 1040 2381 6
1073 2332 1128 2379 A
1175 2325 1377 2380 ἑαυτὸν
1415 2323 1904 2388 πολλαπλασιάσας

211 2412 312 2470 τὸν
351 2419 398 2468 Β
438 2420 685 2470 ποιείτω·
742 2416 902 2485 λέγω,
943 2413 1027 2469 ὅτι
1067 2412 1096 2469 6
1138 2420 1185 2469 Β
1223 2413 1394 2484 κύβος
1433 2414 1596 2468 ἐστίν.

123 2524 180 2566 25
324 2502 603 2573 Εἰλήφθω
643 2502 750 2576 γὰρ
790 2506 891 2558 τοῦ
931 2509 985 2557 Α
1022 2501 1236 2574 πλευρὰ
1278 2499 1307 2557 6
1333 2507 1396 2572 Γ,
1429 2501 1521 2556 καὶ
1561 2499 1591 2557 6
1618 2506 1671 2556 Γ
1701 2502 1903 2558 ἑαυτὸν

213 2590 702 2656 πολλαπλασιάσας
747 2590 848 2647 τὸν
896 2598 952 2646 A
996 2595 1234 2648 ποιείτω.
1315 2588 1565 2662 φανερὸν
1614 2589 1684 2661 δή
1734 2592 1902 2660 ἐστιν,

333 2730 374 2768 3.
408 2722 498 2768 εἰσι
528 2724 632 2780 Vq).
754 2730 796 2770 4.
828 2721 1056 2783 ἀριθμοί]
1089 2739 1179 2769 om.
1213 2723 1361 2780 Bch.
1467 2727 1507 2767 5.
1542 2719 1749 2767 ἔστωσαν
1774 2750 1827 2755 -
1854 2729 1902 2767 6:

214 2783 435 2840 ποιείτω]
469 2780 556 2827 δύο
588 2780 679 2839 γὰρ
711 2780 908 2839 ἀριθμοὶ
941 2781 991 2827 οἷ
1017 2788 1076 2839 A,
1109 2788 1144 2827 Β
1178 2779 1670 2832 πολλαπλασιάσαντες
1693 2783 1770 2838 (m.
1797 2787 1822 2826 2
1849 2783 1902 2838 Β)

214 2839 440 2899 ἀλλήλους
472 2839 766 2899 τετράγωνον
799 2840 883 2886 τὸν
927 2844 968 2886 Γ
1003 2844 1287 2888 ποιείτωσαν
1326 2841 1491 2886 Theon
1522 2841 1708 2897 (Ban).
1861 2845 1901 2886 9.

219 2898 436 2958 ἐστινφ.
521 2902 584 2960 A]
612 2915 754 2958 supra
779 2917 838 2945 m.
868 2906 890 2945 1
910 2902 965 2947 V.
1051 2900 1161 2960 μέν]
1188 2916 1278 2947 om.
1305 2917 1355 2957 φ.
1451 2905 1518 2944 10.
1544 2901 1773 2956 πεποίηκε
1799 2900 1902 2956 ch.
