1988 3152
189 83 225 133 4
592 107 594 109 ·
828 86 1166 129 ΣΤΟΙΧΕΙΩΝ
1198 101 1218 130 ε
1229 83 1255 128 ’.
1273 97 1295 102 ·

302 201 363 268 ζ’.
399 200 567 257 Ὅταν
608 201 670 257 δὲ
708 204 821 258 τῶν
862 202 1042 268 ἰσάκις
1079 207 1511 260 πολλαπλασίων
1550 202 1612 259 τὸ
1646 203 1747 274 μὲν
1779 208 1881 260 τοῦ

192 289 417 362 πρώτου
486 290 907 346 πολλαπλάσιον
975 288 1214 364 ὑπερέχῃ
1283 296 1384 347 τοῦ
1447 296 1547 348 τοῦ
1617 293 1882 364 δευτέρου

192 382 637 446 πολλαπλασίου,
691 377 754 433 τὸ
815 378 877 433 δὲ
930 382 1031 434 τοῦ
1086 384 1279 451 τρίτου
1332 380 1752 436 πολλαπλάσιον
1809 380 1882 451 μὴ

190 463 427 538 ὑπερέχῃ
482 469 584 522 τοῦ
639 469 743 521 τοῦ
803 466 1068 539 τετάρτου
1129 474 1572 538 πολλαπλασίου,
1635 468 1758 524 τότε
1818 466 1881 523 τὸ

130 557 413 623 5πρῶτον
475 553 614 627 πρὸς
666 553 729 610 τὸ
787 554 1052 625 δεύτερον
1115 562 1388 630 μείζονα
1449 556 1651 627 λόγον
1708 561 1882 627 ἔχειν

191 642 431 712 λέγεται,
470 641 610 714 ἥπερ
650 641 711 699 τὸ
753 647 948 715 τρίτον
990 643 1128 716 πρὸς
1167 643 1228 701 τὸ
1271 646 1553 717 τέταρτον.

301 729 376 800 η’.
412 728 755 801 Ἀναλογία
804 731 866 786 δε
906 734 967 787 ἐν
1006 734 1190 805 τρισὶν
1229 731 1384 804 ὅροις
1424 735 1678 804 ἐλαχίστη
1719 735 1886 790 ἐστίν.

301 818 382 875 θ’.
409 817 578 875 Ὀταν
619 819 683 875 δὲ
719 825 847 891 τρία
886 822 1098 891 μεγέθη
1141 819 1426 892 ἀνάλογον
1463 823 1526 893 ᾐ,
1566 819 1629 876 τὸ
1662 824 1884 892 πρῶτον

189 905 330 976 πρὸς
389 906 452 963 τὸ
515 912 704 978 τρίτον
769 911 1172 964 διπλασίονα
1234 908 1407 979 λόγον
1463 914 1609 981 ἔχειν
1671 910 1885 980 λέγεται

106 1006 161 1047 10
191 995 334 1069 ἥπερ
374 995 514 1069 πρὸς
551 996 613 1052 τὸ
656 996 937 1069 δεύτερον.

302 1084 360 1140 ι’.
386 1083 557 1141 Ὅταν
599 1084 661 1141 δὲ
699 1085 940 1157 τέσσαρα
978 1086 1188 1157 μεγέθη
1230 1084 1515 1156 ἀνάλογον
1546 1080 1608 1159 ᾖ,
1646 1085 1708 1142 τὸ
1743 1089 1885 1159 πρῶ-

188 1194 289 1229 τον
344 1171 483 1245 πρὸς
542 1171 604 1228 τὸ
670 1174 936 1246 τέταρτον
996 1178 1442 1246 τριπλασίονα
1504 1174 1677 1246 λόγον
1740 1179 1886 1246 ἔχειν

189 1261 407 1331 λέγεται
445 1258 585 1331 ἥπερ
625 1258 763 1333 πρὸς
800 1260 862 1317 τὸ
907 1261 1198 1333 δεύτερον,
1237 1262 1330 1316 καὶ
1370 1259 1457 1317 ἀεὶ
1498 1263 1622 1334 ἑξῆς
1661 1261 1885 1334 ὁμοίως,

191 1372 266 1415 ως
305 1345 377 1404 ἄν
416 1347 450 1420 ἡ
491 1347 766 1419 ἀναλογία
804 1346 1046 1422 ὑπάρχῃ.

105 1453 159 1494 15
305 1437 401 1493 ια’.
434 1435 754 1509 Ὁμόλογα
809 1438 1019 1509 μεγέθη
1067 1432 1284 1508 λέγεται
1329 1436 1395 1492 τὰ
1448 1438 1549 1509 μὲν
1601 1437 1886 1509 ἡγούμενα

191 1536 308 1591 τοῖς
344 1523 680 1597 ἡγουμένοις
717 1524 785 1581 τὰ
826 1525 889 1582 δὲ
921 1525 1165 1596 ἑπόμενα
1203 1536 1319 1591 τοῖς
1359 1527 1662 1597 ἑπομένοις.

305 1613 399 1684 ιβ’.
436 1611 753 1680 Ἐναλλὰξ
801 1613 999 1684 λόγος
1048 1615 1163 1669 ἐστὶ
1209 1617 1377 1685 λῆψις
1422 1617 1524 1669 τοῦ
1569 1611 1888 1685 ἡγουμένου

192 1701 331 1775 πρὸς
354 1701 418 1760 τὸ
451 1700 770 1774 ἡγούμενον
802 1702 894 1756 καὶ
918 1706 1021 1758 τοῦ
1046 1703 1323 1773 ἑπομένου
1346 1701 1486 1774 πρὸς
1507 1701 1570 1758 τὸ
1598 1702 1887 1773 ἑπόμενον.

305 1790 396 1862 ιγ’.
432 1789 788 1847 Ἀνάπαλιν
839 1789 1036 1861 λόγος
1087 1791 1202 1846 ἐστὶ
1251 1794 1419 1861 λῆψις
1464 1794 1566 1846 τοῦ
1606 1791 1887 1863 ἑπομένου

103 1897 160 1937 20
193 1903 267 1946 ως
306 1877 627 1950 ἡγουμένου
664 1878 805 1951 πρὸς
841 1877 904 1935 τὸ
946 1875 1270 1950 ἡγούμενον
1311 1876 1386 1944 ὥς
1426 1877 1718 1949 ἑπόμενον.

303 1967 398 2023 ιδ’.
438 1966 778 2032 Σύνθεσις
817 1967 1021 2038 λόγου
1062 1967 1176 2023 ἐστὶ
1216 1970 1385 2039 λῆψις
1431 1970 1535 2023 τοῦ
1566 1965 1887 2037 ἡγουμένου

193 2055 326 2127 μετὰ
375 2059 477 2112 τοῦ
530 2056 805 2127 ἑπομένου
845 2054 919 2121 ὡς
958 2054 1087 2121 ἑνὸς
1126 2054 1268 2127 πρὸς
1307 2053 1445 2111 αὐτὸ
1486 2053 1548 2110 τὸ
1599 2055 1891 2126 ἑπόμενον.

314 2237 354 2278 7.
386 2233 510 2278 Hero
555 2233 645 2277 def.
689 2238 794 2287 125,
834 2238 875 2278 5.
1038 2238 1078 2278 8.
1119 2233 1242 2278 Hero
1283 2232 1373 2277 def.
1416 2237 1515 2277 124.
1678 2237 1714 2276 9.
1766 2232 1889 2277 Hero

193 2292 281 2337 def.
317 2296 424 2349 125,
459 2298 497 2336 1.
652 2298 720 2337 11.
754 2292 878 2338 Hero
911 2291 1001 2337 def.
1038 2297 1136 2338 126.
1290 2296 1358 2335 12.
1392 2291 1515 2336 Hero
1556 2290 1646 2335 def.
1695 2296 1804 2348 127,
1848 2297 1889 2336 6.

256 2356 323 2395 13.
357 2351 481 2396 Hero
513 2351 602 2396 def.
642 2357 748 2409 127,
781 2357 820 2396 2.
961 2356 1029 2395 14.
1062 2350 1186 2396 Hero
1218 2350 1310 2396 def.
1346 2355 1451 2406 127,
1486 2355 1526 2394 3.
1618 2368 1625 2375 ·

314 2504 355 2542 2.
389 2496 612 2556 ὑπερέχει
650 2499 708 2556 Ρ,
749 2499 830 2544 sed.
868 2513 982 2545 corr.
1022 2514 1083 2543 m.
1127 2503 1166 2544 1.
1289 2503 1329 2543 4.
1364 2495 1437 2568 τὸ]
1480 2513 1620 2569 supra.
1659 2513 1718 2541 111.
1765 2502 1787 2541 1
1830 2498 1885 2542 V.

194 2558 310 2602 Post
348 2559 439 2603 def.
474 2564 499 2603 7
531 2572 623 2614 seq.
658 2535 890 2615 ἀναλογία
921 2558 974 2603 δέ
1008 2555 1132 2602 ἐστιν
1163 2555 1192 2613 ἡ
1234 2558 1326 2602 τῶν
1364 2554 1518 2614 λόγων
1558 2554 1780 2614 ὁμοιότης
1811 2556 1886 2613 Fp

204 2618 254 2661 et
285 2617 327 2661 V
360 2617 470 2675 (del.
503 2616 714 2674 punctis,
759 2617 841 2662 sed.
877 2620 1052 2675 puncta
1091 2618 1263 2674 erasa);
1306 2630 1397 2661 om.
1429 2616 1534 2673 PB,
1573 2617 1718 2673 Hero,
1759 2616 1892 2661 Cam-

202 2689 368 2732 panus.
522 2682 560 2721 7.
594 2677 765 2735 τρισίν]
816 2692 902 2721 --ισ
948 2676 997 2721 in
1035 2691 1123 2721 ras.
1164 2691 1225 2722 m.
1267 2681 1292 2719 2
1334 2676 1388 2720 V.
1523 2652 1794 2732 ἐλαχίστοις
1833 2675 1889 2719 V.

201 2733 307 2779 Def.
343 2740 397 2780 10
431 2750 520 2780 om.
552 2736 722 2780 Heron.
846 2741 916 2780 12.
947 2733 1020 2793 τό]
1055 2749 1145 2781 om.
1177 2735 1227 2780 P.
1348 2735 1672 2807 τριπλασίονα]
1714 2751 1806 2789 τρι·
1841 2734 1892 2778 in

202 2807 293 2837 ras.
317 2809 362 2850 p.
489 2799 557 2839 13.
584 2791 684 2867 ἀεί]
714 2793 928 2841 atstFV.
1035 2795 1116 2839 καὶ
1133 2791 1282 2839 ἆεί-
1303 2798 1380 2838 14.
1405 2789 1532 2847 υπάρ
1536 2794 1614 2851 χῃ]
1641 2793 1890 2838 0111011111-

203 2865 366 2909 panus.
488 2859 554 2898 13.
583 2850 775 2912 ὁμοίως]
801 2854 858 2907 Ρ;
887 2851 956 2899 ἑνὶ
980 2855 1170 2905 πλείους
1193 2853 1354 2898 Theon
1380 2810 1889 2910 (BFVp).14.a‘›9]
