1988 3152
508 4 968 47 ELEMENTORUM
997 3 1180 46 LIBER
1210 3 1288 46 IX.
1645 0 1751 53 381

809 152 984 206 XVII.

167 253 225 308 Si
268 256 536 325 quotlibet
585 257 798 309 numeri
838 256 1091 324 deinceps
1130 254 1567 326 proportionales
1611 257 1753 322 sunt,

0 351 4 405 ξ
56 347 112 397 et
164 345 390 397 extremi
441 363 627 398 eorum
673 345 814 397 inter
862 362 918 397 se
965 344 1128 413 primi
1177 347 1330 412 sunt,
1385 361 1496 395 non
1544 343 1647 396 erit
1696 345 1754 396 ut

0 459 7 488 μ
52 434 267 504 primus
310 433 377 486 ad
417 434 724 503 secundum,
763 434 839 486 ita
880 436 1151 486 extremus
1194 433 1261 486 ad
1304 433 1471 486 alium
1505 432 1752 501 aliquem.

53 563 62 594 ,
240 555 290 594 ,Α
353 565 357 594 ,
629 553 680 594 ,Β
1014 519 1135 574 Sint
1206 522 1474 591 quotlibet
1544 520 1756 574 numeri

0 636 9 665 ,ι
51 652 59 682 ,
328 642 390 683 ,Γ
874 611 1135 680 ,deinceps
1198 610 1632 680 proportionales
1687 615 1756 678 A,

0 686 13 788 ξ
54 741 63 771 ,
441 735 496 772 ,Δ
782 731 823 772 Ε
883 704 953 765 Β,
987 702 1052 769 Γ,
1084 703 1162 769 A,
1211 703 1265 753 et
1302 718 1488 753 eorum
1530 699 1756 752 extremi

0 791 8 857 l
366 788 825 818 “-“-“-“
879 796 947 858 A,
984 794 1041 842 A
1093 791 1236 843 inter
1291 808 1347 843 se
1408 783 1576 858 primi
1631 788 1756 841 sint.

0 871 10 950 ff
55 877 195 945 dico,
234 897 346 931 non
385 898 525 948 esse,
565 884 626 932 ut
664 886 717 931 A
755 881 823 932 ad
864 883 934 947 Β,
975 880 1053 932 ita
1094 883 1148 931 A
1190 879 1257 931 ad
1297 878 1464 930 alium
1503 877 1756 947 aliquem.

0 962 4 1022 ᾗ
165 966 308 1020 Nam
356 969 402 1021 si
457 969 574 1022 fieri
625 972 831 1039 potest,
891 970 963 1021 sit
1010 972 1099 1021 A:
1125 973 1172 1021 Β
1201 993 1271 1011 =
1299 971 1391 1020 A:
1419 970 1480 1019 E.
1569 967 1754 1036 itaque

0 1108 8 1115 ,
58 1057 414 1125 permutando
456 1063 509 1110 A
541 1078 553 1110 τ
584 1061 640 1110 A
674 1083 743 1100 =
776 1060 824 1109 Β
858 1077 869 1109 :
904 1061 957 1110 E
994 1057 1148 1127 [VII,
1183 1058 1291 1123 13].
1369 1073 1556 1108 uerum
1593 1059 1666 1123 A,
1699 1059 1756 1107 A

0 1150 2 1177 ³
58 1145 219 1214 primi
275 1149 422 1209 sunt,
484 1147 649 1215 primi
706 1150 887 1199 autem
940 1147 1103 1198 etiam
1159 1144 1373 1197 minimi
1430 1143 1590 1211 [VII,
1635 1144 1755 1211 21],

0 1244 3 1276 ὲ
64 1233 275 1285 minimi
317 1238 496 1286 autem
535 1235 745 1287 numeri
786 1252 900 1303 eos,
941 1234 1033 1303 qui
1073 1233 1300 1286 eandem
1341 1232 1612 1285 rationem
1659 1233 1754 1285 ha-

0 1365 5 1369 .
56 1321 203 1390 bent,
243 1323 540 1391 aequaliter
571 1324 878 1375 metiuntur
911 1321 1055 1388 [VIL
1088 1322 1201 1391 20],
1240 1321 1563 1391 praecedens
1603 1340 1755 1391 prae-

65 1411 343 1464 cedentem
382 1415 436 1464 et
478 1430 705 1481 sequens
749 1414 1077 1480 sequentem.
1154 1412 1338 1480 itaque
1377 1414 1432 1462 A
1470 1428 1755 1463 numerum

59 1501 107 1550 Β
155 1500 391 1552 metitur.
471 1504 553 1553 est
599 1503 782 1552 autem
829 1505 882 1552 A
914 1518 925 1551 ε
958 1504 1004 1552 Β
1033 1525 1101 1541 =
1126 1504 1174 1552 Β
1202 1519 1214 1552 :
1240 1501 1301 1552 Γ.
1378 1517 1541 1569 quare
1590 1500 1755 1552 etiam

59 1591 107 1640 Β
155 1607 439 1640 numerum
487 1591 541 1641 Γ
589 1589 813 1641 metitur
853 1588 983 1655 [VII
1023 1587 1124 1642 def.
1163 1588 1277 1655 20].
1354 1587 1540 1656 itaque
1587 1589 1755 1642 etiam

65 1680 119 1728 A
148 1694 432 1730 numerum
468 1680 521 1730 Γ
544 1678 783 1730 metitur.
846 1681 900 1730 et
932 1677 1189 1747 quoniam
1222 1681 1304 1730 est
1335 1680 1382 1729 Β
1403 1696 1414 1729 :
1433 1679 1488 1729 Γ
1504 1681 1664 1730 =F2
1686 1682 1755 1747 A,

67 1770 122 1819 et
158 1770 206 1819 Β
244 1785 528 1819 numerum
568 1770 621 1819 Γ
653 1767 898 1837 metitur,
938 1767 1103 1819 etiam
1142 1769 1195 1820 Γ
1227 1784 1514 1819 numerum
1554 1771 1610 1819 A
1648 1785 1754 1819 me-

58 1855 196 1908 titur
230 1855 358 1923 [VII
391 1856 493 1909 def.
519 1858 630 1923 20].
693 1875 882 1909 uerum
914 1862 967 1909 A
1004 1853 1289 1908 numerum
1328 1859 1381 1909 Γ
1413 1856 1756 1911 metiebatur.

70 1962 235 2014 quare
283 1945 445 1997 etiam
493 1963 776 1997 numerum
825 1949 880 1997 A
926 1945 1160 1999 metitur.
1246 1963 1435 1997 uerum
1483 1945 1647 1997 etiam
1700 1962 1756 1997 se

65 2032 243 2103 ipsum
282 2034 519 2085 metitur.
591 2034 773 2102 itaque
815 2038 867 2085 A
903 2052 1156 2087 numeros
1197 2039 1265 2103 A,
1299 2039 1354 2086 A
1394 2034 1627 2101 metitur,
1667 2034 1757 2102 qui

62 2122 205 2175 inter
245 2141 301 2175 se
341 2122 502 2191 primi
543 2125 690 2190 sunt3
733 2122 875 2192 quod
913 2123 1031 2174 fieri
1070 2141 1181 2175 non
1220 2125 1416 2191 potest.
1479 2140 1606 2192 ergo
1646 2140 1754 2176 non

62 2211 166 2264 erit
203 2214 266 2263 ut
305 2217 356 2263 A
395 2211 462 2264 ad
501 2215 573 2279 B,
622 2211 700 2263 ita
740 2216 795 2263 A
835 2211 901 2263 ad
941 2212 1105 2264 alium
1153 2212 1410 2281 aliquem3
1460 2212 1601 2281 quod
1641 2214 1757 2263 erat

64 2299 558 2354 demonstrandum.

805 2417 1008 2472 XVIII.

176 2507 333 2560 Datis
366 2508 580 2561 duobus
623 2505 877 2572 numeriS,
918 2527 1049 2560 num
1087 2509 1202 2561 fieri
1241 2509 1431 2578 possit,
1470 2511 1531 2561 ut
1561 2509 1754 2562 tertius

63 2614 248 2650 eorum
288 2598 713 2666 proportionalis
753 2597 1085 2666 inueniatur,
1126 2598 1411 2667 inquirere.
