1988 3152
126 1123 181 1163 10

128 1573 182 1612 15

126 2014 183 2055 20

128 2455 184 2496 25

214 116 322 170 348
841 113 1176 157 ΣΤΟΙΧΕΙΩΝ
1205 110 1277 158 θ’.

212 243 381 307 λογον
430 236 791 305 ἐμπίπτουσιν
837 231 1084 303 ἀριθμοί.
1161 236 1259 287 καί
1293 233 1442 287 ἐστιν
1484 230 1558 297 ὥς
1597 231 1619 288 ἱ
1667 239 1723 288 A
1760 236 1903 306 πρὸς

211 322 313 379 τὸν
353 328 415 392 Γ,
464 322 642 386 οὕτως
681 319 710 376 ὁ
750 328 803 375 Α
840 319 979 394 πρὸς
1015 319 1117 376 τὸν
1156 326 1224 375 Β·
1300 321 1392 375 καὶ
1430 324 1544 376 τῶν
1584 327 1661 392 Α,
1702 327 1748 376 Β
1790 320 1905 394 ἄρα

214 410 318 466 δύο
366 410 524 481 μέσοι
570 408 856 481 ἀνάλογον
903 412 1264 480 ἐμπίπτουσιν
1310 407 1562 482 ἀριθμοί.
1637 414 1735 464 καί
1778 411 1904 465 ἐστι
1983 450 1988 453 -

212 498 384 569 κύβος
423 495 452 554 ὁ
478 506 553 553 A·
592 497 764 568 κύβος
803 495 910 569 ἄρα
944 498 1057 554 ἐστὶ
1087 498 1180 552 καὶ
1212 495 1241 552 ὅ
1268 503 1336 552 Β·
1394 496 1528 570 ὅπερ
1562 500 1674 552 ἔδει
1707 501 1905 565 δεῖξαι.

1026 659 1096 718 ς’.

319 760 466 819 Ἐὰν
521 761 809 835 ἀριθμὸς
863 761 1101 818 ἑαυτὸν
1155 761 1742 828 πολλαπλασιάσας
1793 761 1906 818 κύ-

212 856 332 921 βον
371 856 555 925 ποιῇ,
594 852 703 907 καὶ
744 850 940 917 αὐτὸς
978 850 1181 922 κύβος
1220 855 1418 907 ἔσται.

319 939 586 1012 Ἀριθμὸς
631 940 739 1012 γὰρ
787 938 816 996 ὁ
856 946 909 997 A
955 937 1156 995 ἑαυτὸν
1194 939 1682 1005 πολλαπλασιάσας
1719 940 1906 1010 κύβον
1984 972 1988 974 -

212 1027 313 1084 τὸν
352 1035 400 1084 Β
439 1032 684 1084 ποιείτω·
739 1030 901 1100 λέγω,
942 1028 1027 1084 ὅτι
1067 1028 1160 1083 καὶ
1201 1025 1230 1083 ὁ
1271 1034 1324 1083 Α
1361 1026 1534 1098 κύβος
1573 1028 1744 1084 ἐστίν.

317 1114 374 1171 Ὁ
420 1116 527 1188 γὰρ
566 1125 620 1172 A
665 1116 765 1172 τὸν
804 1123 851 1172 Β
899 1115 1387 1180 πολλαπλασιάσας
1431 1115 1531 1171 τὸν
1571 1121 1625 1171 Γ
1662 1121 1905 1173 ποιείτω.

214 1206 329 1261 ἐπεὶ
369 1199 474 1261 οὗν
515 1205 544 1261 ὃ
586 1213 639 1260 Α
678 1204 881 1261 ἑαυτὸν
919 1204 1021 1276 μὲν
1061 1204 1548 1270 πολλαπλασιάσας
1585 1204 1684 1261 τὸν
1723 1212 1771 1261 Β
1811 1226 1905 1261 πε-

212 1297 468 1364 ποίηκεν,
515 1293 614 1350 τὸν
661 1293 722 1349 δὲ
754 1299 801 1348 Β
841 1292 1329 1358 πολλαπλασιάσας
1365 1291 1464 1349 τὸν
1503 1299 1557 1348 Γ
1587 1298 1904 1365 πεποίηκεν,

215 1378 244 1437 ὁ
285 1386 339 1436 Γ
377 1381 487 1455 ἄρα
533 1381 705 1453 κύβος
751 1384 916 1437 ἐστίν.
992 1381 1083 1436 καὶ
1132 1381 1248 1437 ἐπεὶ
1295 1379 1325 1437 ὁ
1365 1389 1418 1437 Α
1465 1380 1667 1438 ἑαυτὸν
1706 1389 1909 1438 πολλα-

213 1471 521 1536 πλασιάσας
565 1470 666 1526 τὸν
707 1477 753 1525 Β
799 1474 1122 1540 πεποίηκεν,
1172 1467 1202 1525 ὁ
1242 1477 1295 1524 Α
1341 1468 1449 1542 ἄρα
1494 1468 1594 1526 τὸν
1634 1477 1681 1525 Β
1721 1484 1911 1543 μετρεῖ

213 1557 350 1613 κατὰ
397 1558 496 1624 τὰς
542 1561 604 1614 ἐν
652 1557 800 1634 αὑτῷ
848 1557 1115 1629 μονάδας.
1192 1569 1380 1631 μετρεῖ
1422 1558 1484 1614 δὲ
1523 1559 1615 1613 καὶ
1654 1557 1688 1630 ἡ
1728 1559 1919 1630 μονὰς·

212 1645 312 1709 τὸν
352 1654 406 1702 A
451 1646 589 1702 κατὰ
635 1646 734 1712 τὰς
783 1649 843 1702 ἐν
883 1644 1032 1722 αὐτῷ
1074 1644 1338 1717 μονάδας.
1417 1650 1568 1702 ἔστιν
1607 1645 1717 1720 ἄρα
1758 1646 1832 1714 ὡς
1873 1646 1908 1720 ἡ

214 1733 390 1806 μονὰς
429 1734 567 1808 πρὸς
606 1735 706 1791 τὸν
746 1744 816 1805 A,
858 1735 1035 1800 οὕτως
1075 1732 1104 1790 ὁ
1139 1742 1191 1790 Α
1227 1734 1366 1806 πρὸς
1403 1734 1505 1790 τὸν
1538 1741 1599 1791 Β.
1654 1737 1746 1791 καὶ
1792 1738 1908 1793 ἐπεὶ

215 1820 244 1878 ὁ
270 1831 324 1878 Α
358 1824 460 1879 τὸν
486 1831 531 1879 Β
571 1822 1060 1888 πολλαπλασιάσας
1098 1821 1198 1878 τὸν
1222 1828 1276 1878 Γ
1306 1828 1622 1895 πεποίηκεν,
1666 1823 1694 1879 ὁ
1719 1832 1766 1880 Β
1798 1825 1909 1897 ἄρα

213 1909 313 1967 τὸν
352 1917 405 1967 Γ
437 1925 625 1986 μετρεῖ
659 1912 797 1968 κατὰ
836 1911 933 1977 τὰς
973 1913 1034 1967 ἐν
1072 1915 1148 1987 τῷ
1188 1918 1242 1966 Α
1281 1911 1544 1983 μονάδας.
1622 1925 1809 1984 μετρεῖ
1846 1914 1907 1970 δὲ

213 2001 306 2055 καὶ
345 1998 379 2072 ἡ
419 2000 596 2072 μονὰς
633 1999 735 2057 τὸν
767 2007 821 2055 Α
857 1999 996 2055 κατὰ
1027 1999 1125 2065 τὰς
1157 2001 1217 2056 ἐν
1249 1998 1399 2077 αὐτῷ
1433 1999 1697 2071 μονάδας.
1754 2006 1905 2058 ἔστιν

215 2087 324 2161 ἄρα
365 2086 440 2154 ὥς
478 2087 512 2160 ἡ
553 2088 733 2161 μονὰς
770 2088 908 2161 πρὸς
946 2088 1047 2145 τὸν
1074 2096 1142 2159 Α,
1183 2089 1359 2154 οὕτως
1400 2086 1429 2144 ὃ
1454 2094 1500 2143 Β
1541 2088 1683 2161 πρὸς
1721 2089 1822 2146 τὸν
1847 2095 1910 2147 Γ.

216 2174 338 2232 ἀλλ’
384 2175 458 2243 ὥς
496 2175 530 2249 ἡ
570 2180 750 2249 μονὰς
787 2177 926 2250 πρὸς
958 2176 1059 2233 τὸν
1086 2185 1156 2247 Α,
1196 2175 1374 2243 οὕτως
1404 2175 1434 2233 ὃ
1459 2184 1513 2232 A
1543 2176 1681 2248 πρὸς
1711 2177 1809 2235 τὸν
1835 2186 1909 2234 Β·

215 2266 306 2321 καὶ
348 2263 422 2331 ὡς
461 2265 570 2339 ἄρα
610 2264 640 2322 ὁ
682 2273 733 2321 Α
773 2265 912 2338 πρὸς
949 2267 1050 2322 τὸν
1089 2273 1163 2337 Β,
1204 2264 1233 2322 ὃ
1273 2272 1320 2321 Β
1359 2265 1500 2338 πρὸς
1537 2264 1636 2322 τὸν
1677 2272 1737 2323 Γ.
1815 2269 1908 2323 καὶ

217 2355 332 2411 ἐπεὶ
372 2358 433 2410 οἱ
466 2361 539 2425 Β,
579 2360 632 2410 Γ
671 2357 835 2426 κύβοι
875 2358 1043 2425 εἰσίν,
1085 2353 1269 2426 ὅμοιοι
1309 2359 1530 2427 στερεοί
1566 2359 1723 2411 εἰσιν.
1793 2359 1905 2411 τῶν

215 2449 290 2513 Β,
330 2448 383 2498 Γ
427 2442 535 2516 ἄρα
592 2443 698 2499 δύο
748 2444 906 2514 μέσοι
957 2441 1242 2514 ἀνάλογόν
1293 2446 1435 2498 εἰσιν
1486 2441 1735 2514 ἀριθμοί.
1813 2449 1914 2499 καί

339 2655 378 2694 1.
411 2651 498 2693 καί
534 2645 659 2694 ἐστιν
684 2676 740 2681 -
765 2655 813 2694 3·
862 2646 1087 2722 ἀριθμοί]
1126 2665 1220 2707 mg.
1261 2665 1320 2694 m.
1361 2654 1387 2693 2
1422 2647 1483 2703 V3
1523 2649 1574 2692 in
1613 2650 1745 2693 textu
1788 2643 1903 2693 ω’στε

221 2707 300 2754 καὶ
341 2708 433 2753 τῶν
465 2712 530 2766 A,
564 2711 607 2751 Γ
642 2706 730 2752 δύο
770 2707 903 2765 μέσοι
942 2706 1177 2765 ἀνάλογον
1218 2705 1533 2780 ἐμπεσοῦνται
1574 2705 1786 2779 ἀριθμοί,
1820 2708 1905 2752 sed

218 2768 355 2814 delet.
396 2767 451 2812 V.
548 2772 588 2811 2.
629 2784 659 2811 α
664 2768 751 2825 ρα]
787 2765 856 2811 ἔτι
889 2785 937 2825 φ.
1055 2773 1096 2812 3.
1132 2764 1439 2825 ἐμπίπτουσιν
1487 2763 1685 2824 ἀριθμοὶ
1731 2763 1903 2810 ἀνάλο-

217 2842 302 2884 γον
339 2826 500 2883 BVq>‚
544 2825 607 2884 V2
653 2843 731 2883 tp2.
796 2822 920 2870 ἐστιν
958 2826 1008 2870 Ρ.
1139 2831 1180 2871 4.
1214 2827 1277 2885 Α]
1312 2839 1426 2871 eras.
1459 2826 1515 2870 V.
1607 2784 1807 2885 μκύβος]
1841 2840 1903 2868 m.

217 2891 243 2931 2
277 2885 328 2929 B.
474 2881 599 2943 ἐστί]
634 2898 722 2930 om.
758 2885 872 2941 Vq),
907 2882 1031 2930 ἐστίν
1065 2902 1144 2943 φ2.
1296 2886 1360 2943 Β]
1395 2899 1511 2930 eras.
1545 2885 1598 2929 V.
1750 2889 1790 2930 5.
1826 2883 1904 2943 ς’]
