1988 3152
217 147 328 200 104
847 147 1184 189 ΣΤΟΙΧΕΙΩΝ
1216 143 1282 192 ς’.

215 264 433 335 βάσεως
486 265 578 320 καὶ
635 263 762 329 ἑνὸς
818 261 1126 319 ὁποιουοῦν
1179 267 1292 319 τῶν
1338 267 1635 336 τμημάτων
1691 263 1724 335 ἡ
1771 265 1911 338 πρὸς

214 356 290 427 τῷ
329 352 571 424 τμήματι
610 351 821 424 πλευρὰ
864 353 1002 424 μέση
1034 349 1322 423 ἀνάλογόν
1363 355 1552 422 ἐστιν].

1018 484 1100 540 θ’.

334 578 463 645 Τῆς
504 578 824 644 δοθείσης
857 571 1128 638 εὐθείας
1158 572 1228 629 τὸ
1263 572 1684 645 προσταχθὲν
1718 574 1912 644 μέρος

158 680 186 720 5
219 661 514 733 ἀφελεῖν.
1216 653 1221 658 ’

312 749 495 807 ’Έστω
543 748 578 821 ἡ
631 753 868 805 δοθεῖσα
915 747 1110 805 εὐθεῖα
1157 747 1191 820 ἡ
1243 756 1373 805 AB·
1423 753 1512 805 δεῖ
1556 748 1625 820 δὴ
1665 753 1761 822 τῆς
1801 757 1911 806 AB

217 838 279 896 τὸ
322 838 678 912 προσταχθὲν
718 840 886 909 μέρος
925 836 1168 909 ἀφελεῖν.

325 926 698 999 Ἐπιτετάχθω
746 926 815 997 δὴ
855 925 919 981 τὸ
959 930 1163 998 τρίτον.
1241 927 1379 995 [καὶ]
1422 925 1640 997 διήχθω
1680 949 1761 992 τις
1800 925 1909 982 ἀπὸ

216 1020 319 1073 τοῦ
373 1023 426 1071 A
481 1012 680 1071 εὐθεῖα
736 1012 768 1085 ἡ
816 1018 932 1069 ΛΓ
976 1018 1192 1085 γωνίαν
1246 1015 1577 1086 περιέχουσα
1633 1014 1766 1086 μετὰ
1814 1018 1914 1086 τῆς

128 1122 185 1161 10
219 1111 330 1161 ΑΒ
376 1106 682 1176 τυχοῦσαν·
729 1103 822 1158 καὶ
869 1101 1125 1174 εἰλήφθω
1179 1101 1352 1174 τυχὸν
1400 1114 1632 1174 σημεῖον
1684 1103 1770 1158 ἐπὶ
1817 1107 1915 1174 τῆς

217 1199 333 1250 ΑΓ
365 1192 428 1248 τὸ
470 1199 551 1262 Δ,
598 1192 689 1247 καὶ
736 1195 1056 1247 κείσθωσαν
1104 1194 1169 1264 τῇ
1210 1198 1329 1246 AA
1368 1198 1484 1247 ἴσαι
1524 1194 1585 1246 αἱ
1623 1198 1761 1261 ΔΕ,
1795 1195 1915 1248 ΕΓ.

213 1282 310 1345 καὶ
366 1281 676 1353 ἐπεζεύχθω
730 1277 764 1351 ἡ
822 1284 942 1349 ΒΓ,
996 1279 1089 1335 καὶ
1144 1277 1238 1335 διὰ
1293 1282 1396 1336 τοῦ
1452 1287 1507 1335 A
1561 1279 1915 1352 παράλληλος

219 1368 360 1443 αὐτῇ
401 1368 562 1441 ἤχθω
604 1367 638 1439 ἡ
680 1375 735 1423 A
747 1374 804 1423 Z.

327 1456 476 1513 Ἐπεὶ
532 1451 637 1512 οὖν
691 1455 971 1527 τριγώνου
1025 1460 1127 1512 τοῦ
1182 1462 1356 1513 ΑΒΓ
1401 1457 1550 1528 παρὰ
1617 1462 1751 1529 μίαν
1804 1461 1918 1513 τῶν

133 1562 189 1602 15
222 1549 480 1618 πλευρῶν
528 1545 632 1616 τὴν
672 1550 784 1600 ΒΓ
816 1539 976 1615 ἦκται
1022 1543 1056 1615 ἡ
1100 1550 1235 1616 ΖΛ,
1285 1544 1570 1617 ἀνάλογον
1617 1545 1726 1617 ἄρα
1767 1546 1919 1601 ἐστὶν

222 1633 295 1700 ὡς
333 1634 368 1706 ἧ
407 1639 519 1689 ΓΛ
556 1631 694 1706 πρὸς
732 1633 838 1704 τὴν
879 1640 1021 1703 ΔΑ,
1061 1633 1238 1699 οὕτως
1277 1632 1311 1705 ἡ
1351 1640 1455 1690 ΒΖ
1486 1633 1757 1711 πρὸςοτὴν
1792 1640 1915 1689 ΖΑ.

222 1726 390 1794 διπλῆ
439 1722 501 1778 δὲ
548 1720 582 1792 ἡ
634 1726 746 1777 ΓΔ
784 1725 880 1793 τῆς
921 1728 1058 1776 AA·
1110 1725 1275 1793 διπλῆ
1326 1723 1435 1794 ἄρα
1474 1723 1566 1798 καὶ
1605 1721 1639 1795 ἡ
1679 1729 1783 1778 ΒΖ
1820 1726 1919 1794 τῆς

225 1819 353 1868 ZA·
392 1812 592 1882 τριπλῆ
634 1807 744 1882 ἄρα
783 1807 818 1880 ἡ
859 1815 970 1864 BA
1007 1813 1106 1880 τῆς
1145 1815 1267 1866 AZ.

341 1903 451 1971 Τῆς
498 1896 607 1969 ἄρα
656 1901 923 1968 δοθείσης
962 1895 1189 1963 εὐθείας
1226 1900 1324 1969 τῆς
1362 1904 1471 1953 AB
1511 1898 1574 1954 τὸ
1617 1899 1915 1972 ἐπιταχθὲν

133 2003 193 2044 20
223 1993 414 2062 τρίτον
470 1987 635 2058 μέρος
690 1982 972 2058 ἀφῄρηται
1025 1984 1088 2042 τὸ
1145 1992 1273 2042 AZ·
1331 1986 1466 2058 ὅπερ
1515 1989 1627 2042 ἔδει
1673 1990 1918 2058 ποιῆσαι.

1047 2117 1104 2173 ι’.

346 2206 476 2279 Τὴν
518 2211 841 2262 δοθεῖσαν
882 2204 1164 2263 εὐθεῖαν
1203 2208 1494 2279 ἄτμητον
1532 2210 1605 2280 τῇ
1640 2211 1919 2282 δοθείσῃ

224 2296 594 2367 τετμημένῃ
639 2291 883 2364 ὁμοίως
922 2306 1160 2366 τεμεῖν.

344 2414 400 2459 Χ.
435 2411 703 2470 Simplicius
736 2412 786 2456 in
814 2413 947 2469 phyS.
981 2412 1060 2457 fol.
1097 2417 1182 2456 114
1195 2423 1233 2468 v,
1269 2417 1367 2457 119.

348 2522 387 2562 1.
421 2512 742 2571 ὁποτερουουν
773 2515 822 2559 F.
946 2520 986 2562 2.
1020 2515 1134 2560 Post
1166 2511 1291 2560 ἔστιν
1324 2528 1417 2571 seq.
1483 2510 1600 2571 ὅπερ
1632 2511 1733 2561 ἔδει
1765 2518 1919 2571 δεῖξαι

226 2577 370 2635 BFp,
402 2576 444 2621 V
475 2589 537 2619 m.
572 2580 613 2620 2.
736 2579 777 2620 8.
816 2574 996 2647 τρίτον]
1038 2575 1148 2619 ante
1189 2590 1291 2634 -τον
1331 2587 1418 2619 ras.
1453 2579 1478 2618 2
1511 2573 1604 2618 litt.
1636 2576 1685 2620 F.
1808 2576 1919 2635 καί]

226 2651 318 2683 om
356 2612 406 2681 P.
477 2651 547 2685 τις
585 2630 760 2679 εὐθεῖα
800 2629 894 2678 ἀπὸ
936 2634 1020 2685 τοῦ
1059 2637 1096 2677 Α
1136 2629 1166 2690 ἡ
1207 2632 1262 2678 V.
1389 2639 1458 2677 11.
1500 2634 1793 2705 κείσθωσαν]
1825 2649 1918 2692 mg.

224 2710 286 2740 m.
318 2708 410 2739 rec.
443 2692 492 2739 P.
618 2697 687 2738 14.
730 2692 880 2749 Supra
916 2689 1046 2748 παρά
1086 2692 1137 2736 in
1174 2692 1211 2735 P
1253 2706 1338 2737 scr.
1378 2707 1439 2737 m.
1479 2705 1570 2738 rec.
1613 2690 1918 2750 παράλληλος.

290 2759 360 2799 15.
393 2750 501 2811 τήν]
534 2753 590 2808 τῆ
623 2767 670 2809 p.
764 2752 870 2810 ZA]
906 2753 1072 2796 mutat.
1106 2751 1156 2795 in
1188 2755 1276 2796 AZ
1305 2767 1366 2796 m.
1393 2756 1420 2795 2
1451 2750 1516 2805 V;
1550 2755 1638 2796 AZ
1661 2753 1751 2809 ΒΡ
1848 2758 1916 2798 16.

225 2810 313 2871 τὴν
353 2812 469 2870 ΛΑ]
510 2811 566 2870 τῇ
608 2814 695 2855 AA
736 2810 797 2867 B,
837 2815 925 2855 AA
965 2811 1056 2867 Fp.
1178 2808 1286 2883 τήν]
1327 2824 1418 2855 om.
1458 2810 1593 2867 BFp.
1717 2816 1784 2855 17.
1818 2811 1919 2869 τῆς]

225 2873 282 2930 τῆ
314 2886 360 2928 Ρ.
505 2870 586 2914 καὶ
617 2866 646 2926 ἡ
682 2873 763 2913 ΒΖ
795 2870 877 2925 τῆς
912 2872 1014 2913 ΖΑ
1046 2870 1210 2926 τριπλῆ
1242 2870 1357 2925 αρα]
1388 2884 1483 2926 mg.
1514 2883 1574 2912 m.
1612 2874 1635 2912 1
1667 2869 1716 2914 P.
1850 2874 1918 2914 18.

223 2933 337 2990 BA]
370 2934 407 2974 A
439 2929 489 2973 in
519 2942 609 2974 ras.
642 2928 692 2974 P.
817 2933 885 2973 19
918 2929 1020 2986 τῆς]
1055 2929 1109 2984 τῆ
1141 2944 1186 2985 p.
1288 2928 1392 2986 τῆς]
1427 2942 1542 2973 corr.
1576 2942 1632 2972 ex
1655 2929 1710 2985 τῆ
1736 2944 1795 2973 m.
1825 2934 1847 2972 1
1873 2944 1919 2986 p.
