1988 3152
123 1067 178 1107 10

126 1567 177 1608 15

119 2010 177 2051 20

211 145 321 198 242
841 146 1178 190 ΣΤοΙΧΕΙῼΝ
1209 144 1268 201 ζ’.

211 279 344 335 σαν,
405 263 498 318 καὶ
554 261 584 318 6
648 262 750 333 μὲν
803 271 857 318 A
908 261 1010 318 τὸν
1058 270 1106 319 Β
1159 264 1647 330 πολλαπλασιάσας
1700 263 1801 319 τὸν
1854 272 1908 320 Ε

210 355 458 421 ποιείτω,
508 349 538 406 ὃ
585 350 649 406 δὲ
693 355 749 405 Γ
783 350 885 406 τὸν
926 357 982 405 A
1025 353 1516 417 πολλαπλασιάσας
1560 351 1660 408 τὸν
1702 358 1747 407 Ζ
1785 372 1904 408 ποι-

210 444 357 495 είτω·
397 440 565 509 λέγώ,
607 437 693 494 ὅτι
731 441 790 494 οὗ
825 446 900 509 Ε,
933 445 978 494 Ζ
1015 442 1226 511 πρῶτοι
1263 438 1402 511 πρὸς
1440 439 1714 512 ἀλλήλους
1746 444 1903 505 εἰσίν,

317 524 466 582 Ἐπεὶ
513 525 620 596 γὰρ
668 525 926 599 ἑκάτερος
969 530 1083 582 τῶν
1131 534 1206 598 Α,
1238 534 1286 583 Β
1332 527 1474 600 πρὸς
1518 527 1616 584 τὸν
1662 534 1716 584 Γ
1758 532 1905 600 πρῶ-

209 614 303 680 τός
351 617 527 684 ἐστιν,
577 613 670 668 καὶ
717 611 746 669 6
795 615 854 669 ἐκ
899 617 1012 670 τῶν
1057 622 1136 685 Α,
1170 621 1217 670 Β
1263 614 1374 687 ἄρα
1419 615 1721 686 γενόμενος
1766 615 1905 688 πρὸς

208 702 309 759 τὸν
356 708 410 758 Γ
447 705 664 775 πρῶτος
710 705 876 758 ἔσται.
960 699 990 758 6
1039 702 1102 758 δὲ
1149 705 1207 758 ἐκ
1245 706 1359 758 τῶν
1399 711 1476 773 Α,
1508 710 1556 758 Β
1603 703 1905 775 γενόμενός

211 794 361 848 ἐστιν
402 789 432 847 6
472 798 544 846 Ε·
585 793 644 846 οὗ
679 798 752 862 Ε,
784 796 839 846 Γ
870 789 980 862 ἀρα
1017 794 1228 863 πρῶτοι
1265 790 1405 863 πρὸς
1436 789 1714 862 ἀλλήλους
1745 795 1904 848 εἰσίν.

211 878 303 936 διὰ
343 879 409 935 τὰ
451 878 591 936 αὐτὰ
634 878 703 951 δὴ
742 880 835 934 καὶ
877 882 935 935 οὗ
978 886 1051 949 Ε,
1086 887 1142 933 A
1187 883 1398 952 πρῶτοι
1443 879 1583 951 πρὸς
1629 878 1905 951 ἀλλήλους

210 972 369 1025 εἰσίν.
447 967 703 1040 ἑκάτερος
747 966 858 1039 ἄρα
902 970 1015 1023 τῶν
1062 973 1127 1038 Γ,
1160 974 1216 1022 A
1253 967 1393 1040 πρὸς
1444 966 1545 1024 τὸν
1591 974 1644 1023 Ε
1686 969 1905 1040 πρῶτός

211 1047 377 1113 ἐστιυ.
452 1058 547 1113 καὶ
598 1054 627 1112 6
678 1058 737 1112 ἐκ
781 1059 894 1112 τῶν
934 1061 998 1126 Γ,
1031 1061 1086 1111 A
1132 1055 1241 1128 ἄρα
1286 1055 1588 1127 γενόμενος
1625 1055 1763 1127 πρὸς
1801 1056 1903 1113 τὸν

209 1152 263 1201 Ε
297 1149 515 1219 πρῶτος
553 1149 718 1201 ἔσται.
797 1142 826 1199 6
869 1143 931 1200 δὲ
971 1148 1031 1200 ἐκ
1068 1147 1182 1200 τῶν
1221 1148 1285 1213 Γ,
1318 1151 1373 1199 A
1410 1143 1714 1216 γενόμενός
1752 1147 1902 1200 ἐστιν

211 1231 241 1290 6
306 1239 364 1289 Z.
443 1235 502 1288 οἰ
559 1239 632 1302 Ε,
667 1239 712 1287 Ζ
767 1231 876 1304 ἄρα
929 1235 1139 1305 πρῶτοι
1199 1230 1338 1305 πρὸς
1399 1229 1674 1303 ἀλλήλους
1737 1237 1901 1289 εἰσίν·

211 1322 346 1395 ὅπερ
387 1324 501 1377 ἔδει
540 1322 730 1388 δεῖξαι.

1003 1452 1103 1520 κζ’.

319 1555 466 1612 Ἐὰν
522 1558 643 1612 δύο
699 1554 980 1627 ἀριθμοὶ
1046 1558 1296 1628 πρῶτοι
1356 1554 1516 1628 πρὸς
1578 1554 1903 1628 ἀλλήλους

212 1640 398 1717 ὦσιν,
460 1646 568 1700 καὶ
629 1643 1216 1709 πολλαπλασιάσας
1286 1643 1594 1716 ἑκάτερος
1662 1643 1902 1700 ἑαυτὸν

209 1738 362 1807 ποιῇ
400 1755 580 1804 τινα,
622 1734 688 1789 οἱ
722 1732 1075 1804 γενόμενοι
1116 1734 1178 1799 ἐξ
1219 1730 1435 1789 αὐτῶν
1466 1735 1711 1804 πρῶτοι
1743 1731 1904 1805 πρὸς

210 1822 538 1894 ἀλλήλους
578 1826 868 1891 ἔσονται,
907 1817 1030 1877 κᾶν
1072 1823 1139 1876 οἱ
1174 1823 1236 1887 ἐξ
1276 1819 1478 1894 ἀρχῆς
1515 1819 1669 1886 τοὺς
1714 1841 1902 1891 γενο-

210 1912 448 1983 μένους
493 1908 1193 1974 πολλαπλασιάσαντες
1245 1912 1487 1965 ποιῶσί
1527 1929 1739 1976 τινας,
1789 1906 1901 1962 κά-

208 2011 422 2055 κεῖνοι
461 2001 709 2071 πρῶτοι
748 1995 909 2069 πρὸς
948 1994 1278 2067 ἀλλήλους
1316 2000 1583 2051 ἔσονται
1625 1995 1761 2064 [καὶ
1800 1993 1903 2050 ἀεὶ

208 2087 356 2159 περὶ
394 2084 549 2151 τοὺς
587 2084 832 2157 ἄκρους
869 2092 1065 2139 τοῦτο
1106 2087 1508 2154 συμβαίνει].

306 2174 596 2231 ’Ἑστωσαν
653 2173 757 2229 δύο
805 2171 1040 2246 ἀριθμοὶ
1088 2174 1299 2244 πρῶτοι
1344 2170 1484 2244 πρὸς
1531 2169 1807 2242 ἀλλήλους
1848 2173 1907 2226 οἱ

329 2307 517 2352 XXVII.
549 2306 778 2351 Alexand.
811 2304 1020 2363 Aphrod.
1052 2304 1104 2348 in
1134 2305 1255 2350 anal.
1287 2319 1356 2362 pr.
1389 2304 1468 2348 fol.
1502 2309 1573 2349 87.

331 2445 370 2486 1.
405 2443 526 2484 E—
552 2444 601 2483 2:
649 2435 1060 2489 πολλαπλασιάσας
1097 2435 1210 2496 τόν]
1252 2451 1347 2494 mg.
1387 2451 1447 2480 m.
1489 2441 1516 2480 2
1557 2436 1606 2480 Ρ.
1728 2439 1772 2480 5.
1805 2431 1903 2479 ἔστι

211 2500 344 2546 codd.
499 2495 552 2556 ὁ]
588 2512 676 2543 om.
712 2515 762 2570 (p.
826 2495 1079 2555 γενόμενος
1110 2493 1205 2552 ἄρα
1235 2495 1338 2551 ch.
1492 2500 1532 2539 7.
1565 2491 1590 2538 6
1624 2497 1665 2537 E
1699 2489 1823 2538 ἔστιν
1855 2508 1901 2550 p.

211 2558 307 2604 εἰσί
331 2559 432 2614 Vq).
585 2563 625 2602 8.
659 2559 738 2601 δια
771 2554 828 2601 τά
855 2583 910 2590 -
937 2563 986 2601 9:
1036 2555 1174 2614 εἰσίν]
1207 2552 1348 2599 πάλιν
1379 2553 1430 2596 Β.
1582 2557 1623 2597 8.
1656 2550 1713 2596 τὰ
1748 2549 1903 2670 abnez}

208 2618 360 2662 ταῦτα
391 2618 494 2673 Vq).
649 2618 711 2673 E,
744 2616 814 2674 A]
850 2620 913 2670 A,
944 2617 986 2659 E
1018 2615 1067 2662 P,
1219 2619 1260 2660 9.
1293 2609 1417 2670 ἄρα]
1451 2626 1540 2658 om.
1581 2613 1633 2657 B.
1785 2611 1878 2655 τῶν

210 2673 295 2721 τόν
327 2693 379 2731 φ.
503 2680 572 2720 10.
608 2671 706 2719 ἔστι
736 2675 897 2730 Bth3
931 2688 1078 2731 comp.
1109 2689 1154 2731 p.
1279 2677 1348 2716 11.
1382 2671 1513 2717 ἔσται
1560 2668 1657 2716 ἔστι
1681 2684 1828 2727 comp.
1853 2685 1900 2727 p.

210 2739 271 2794 Γ,
304 2735 376 2794 A]
409 2737 476 2791 A,
510 2737 555 2778 Γ
579 2733 681 2790 Vq).
746 2730 770 2777 6
807 2736 842 2777 Ζ
874 2730 999 2778 ἔστιν
1030 2749 1074 2790 p.
1230 2736 1299 2776 14.
1330 2728 1417 2775 ποθ’
1460 2729 1498 2772 Β
1558 2746 1612 2787 p,
1656 2730 1692 2774 P
1716 2745 1778 2773 m.
1808 2743 1900 2775 rec.

114 2798 117 2802 ”
195 2803 204 2813 “
271 2799 340 2839 16.
382 2787 468 2838 ὦσι
509 2793 599 2850 Pp.
754 2797 823 2837 17.
868 2788 1047 2850 αὐτῶν]
1089 2792 1178 2835 -ὧν
1216 2790 1266 2835 in
1306 2804 1394 2836 ras.
1435 2807 1485 2845 φ.
1637 2794 1707 2833 21.
1739 2788 1899 2846 τοῦτο]

210 2867 324 2897 corr.
358 2866 415 2896 ex
444 2848 497 2895 τὸ
531 2846 647 2895 αὐτό
679 2865 740 2896 m.
774 2855 800 2895 2
833 2851 885 2896 B.
1008 2856 1080 2895 22.
1113 2847 1220 2908 δύο]
1255 2864 1394 2907 supra
1422 2863 1482 2893 m.
1524 2854 1551 2892 2
1583 2848 1639 2894 V.
1667 2868 1673 2872 ·
1701 2843 1900 2904 ἀριθμοὶ

207 2909 295 2957 δύο
325 2911 376 2957 Ρ.
