1988 3152
236 151 340 203 122
860 115 1198 195 ΣΤΟΙΧΕΙῼΝ
1231 151 1297 200 ς’.

1032 270 1118 338 ιζ’.

333 357 482 415 Ἐὰν
521 369 695 431 τρεῖς
734 356 1005 414 εὐθεῖαι
1046 357 1382 430 ἀνάλογον
1430 351 1616 431 ὦσιν,
1668 360 1737 416 τὸ
1791 360 1917 418 ὑπὸ

224 456 352 504 τῶν
422 447 642 519 ἄκρων
716 447 1196 520 περιεχόμενον
1276 445 1699 521 ὀρθογώνιον
1771 458 1921 508 ἴσον

227 536 365 592 ἐστὶ
426 540 508 610 τῷ
572 534 695 592 ἀπὸ
758 539 870 608 τῆς
931 538 1130 608 μέσης
1190 536 1601 613 τετραγώνῳ·
1663 536 1786 595 κᾶν
1846 541 1915 598 τὸ

166 637 192 676 5
226 621 350 680 ὑπὸ
384 627 513 680 τῶν
545 623 764 698 ἄκρων
795 624 1275 698 περιεχόμενον
1308 623 1735 698 ὀρθογώνιον
1769 636 1919 687 ἴσον

224 705 260 784 ᾖ
335 715 420 789 τῷ
498 712 622 770 ἀπὸ
685 717 795 786 τῆς
872 715 1070 786 μέσης
1130 715 1545 791 τετραγώνῳ,
1617 719 1687 772 αί
1744 731 1922 791 τρεῖς

227 798 494 857 εὐθεῖαι
534 801 876 874 ἀνάλογον
917 807 1198 859 ἔσονται.

322 888 613 947 ’Ἑστωσαν
658 903 804 965 τρεῖς
850 890 1069 947 εὐθεῖαι
1122 889 1406 963 ἀνάλογον
1446 895 1508 947 αἱ
1543 902 1613 965 A,
1646 901 1711 965 Β,
1745 901 1807 967 Γ,
1848 896 1922 964 ὡς

225 975 260 1048 ἡ
316 985 370 1033 A
418 978 558 1051 πρὸς
606 980 710 1052 τὴν
759 987 832 1051 Β,
886 979 1064 1045 οὕτως
1113 977 1147 1050 ἡ
1199 985 1247 1035 Β
1297 979 1437 1053 πρὸς
1485 981 1589 1054 τὴν
1636 988 1704 1038 Γ·
1758 986 1919 1056 λέγω,

140 1083 194 1123 10
229 1065 313 1122 ὅτι
352 1067 415 1123 τὸ
456 1066 565 1125 ὑπὸ
603 1072 717 1125 τῶν
757 1077 828 1139 A,
860 1074 913 1124 Γ
946 1066 1345 1141 περιεχόμενον
1392 1068 1751 1143 ὀρθογώνιον
1792 1080 1918 1130 ἴσον

227 1156 341 1213 ἐστὶ
380 1160 456 1232 τῷ
499 1156 607 1213 ἀπὸ
646 1161 744 1230 τῆς
783 1164 830 1213 Β
868 1159 1212 1233 τετραγώνῳ.

337 1250 571 1301 Κείσθω
610 1249 675 1319 τῇ
717 1253 764 1301 Β
805 1253 897 1319 ἴση
938 1245 973 1317 ἡ
1017 1253 1086 1303 Δ.

337 1334 452 1389 Καὶ
507 1337 629 1391 ἐπεί
678 1337 826 1391 ἐστιν
883 1333 957 1402 ὥς
1003 1333 1036 1406 ἡ
1087 1343 1139 1390 A
1190 1334 1328 1407 πρὸς
1386 1333 1487 1407 τὴν
1535 1342 1607 1406 Β,
1664 1337 1840 1405 οὕτως
1885 1339 1919 1412 ἡ

227 1428 274 1477 Β
313 1421 453 1496 πρὸς
501 1423 605 1495 τὴν
654 1428 723 1494 Γ,
773 1431 864 1495 ἴση
914 1424 975 1480 δὲ
1022 1422 1055 1495 ἡ
1099 1430 1147 1479 Β
1185 1427 1250 1497 τῇ
1296 1431 1374 1495 Δ,
1423 1429 1573 1480 ἔστιν
1619 1426 1730 1499 ἄρα
1770 1425 1845 1493 ὡς
1882 1426 1916 1500 ἡ

141 1527 194 1567 15
228 1520 281 1568 A
320 1510 458 1585 πρὸς
494 1511 598 1583 τὴν
637 1519 710 1583 Β,
752 1511 785 1584 ἡ
830 1520 885 1568 Δ
923 1511 1062 1585 πρὸς
1108 1512 1212 1584 τὴν
1260 1518 1319 1568 Γ.
1399 1512 1500 1569 ἐὰν
1550 1513 1612 1569 δὲ
1658 1515 1920 1588 τέσσαρες

227 1599 444 1657 εὐθεῖαι
492 1598 778 1672 ἀνάλογον
818 1595 980 1674 ὦσιν,
1027 1599 1090 1657 τὸ
1128 1599 1239 1657 ὑπὸ
1281 1605 1394 1657 τῶν
1434 1603 1622 1675 ἄκρων
1673 1605 1921 1677 περιεχό-
1982 1672 1988 1680 ἱ

226 1712 398 1762 μενον
456 1688 862 1763 [ὀρθογώνιον]
922 1698 1048 1747 ἴσον
1101 1690 1214 1747 ἐστὶ
1268 1693 1343 1765 τῷ
1393 1687 1503 1747 ὑπὸ
1556 1694 1673 1748 τών
1735 1695 1921 1764 μέσων

226 1779 597 1854 περιεχομένῳ
639 1775 991 1855 ὀρθογωνίῳ.
1059 1778 1122 1835 τὸ
1158 1777 1269 1851 ἄρα
1307 1775 1418 1834 ὑπὸ
1458 1782 1572 1834 τῶν
1605 1788 1675 1850 Α,
1709 1781 1763 1836 Γ
1795 1790 1921 1839 ἴσον

229 1867 342 1922 ἐστὶ
381 1870 457 1943 τῷ
498 1864 608 1922 ὑπὸ
657 1870 770 1922 τῶν
812 1874 884 1939 Β,
919 1874 988 1923 Δ.
1059 1865 1202 1923 ἀλλὰ
1247 1864 1309 1923 τὸ
1349 1864 1460 1923 ὑπὸ
1500 1871 1614 1924 τῶν
1652 1875 1718 1940 Β,
1762 1877 1818 1925 Δ
1855 1871 1917 1927 τὸ

139 1971 198 2011 20
231 1953 337 2011 ἀπὸ
391 1958 488 2027 τῆς
526 1962 573 2011 Β
625 1957 797 2011 ἐστιν·
853 1962 945 2027 ἴση
992 1954 1101 2028 γὰρ
1151 1953 1187 2027 ἡ
1228 1962 1274 2011 Β
1314 1958 1380 2029 τῇ
1422 1963 1497 2011 Δ·
1549 1955 1612 2012 τὸ
1661 1956 1771 2031 ἄρα
1809 1957 1920 2015 ὑπὸ

226 2048 339 2101 τῶν
394 2052 464 2114 A,
510 2049 563 2100 Γ
610 2044 1008 2117 περιεχόμενον
1065 2042 1422 2117 ὀρθογώνιον
1478 2052 1604 2101 ἴσον
1667 2047 1780 2102 ἐστὶ
1846 2052 1922 2124 τῷ

227 2132 336 2189 ἀπὸ
379 2137 476 2204 τῆς
515 2139 561 2188 Β
602 2132 943 2208 τετραγώνῳ.

333 2220 497 2278 Ἀλλὰ
555 2221 623 2293 δὴ
679 2220 741 2278 τὸ
791 2220 901 2278 ὑπὸ
957 2225 1071 2278 τῶν
1125 2229 1194 2293 A,
1220 2226 1273 2277 Γ
1319 2229 1446 2278 ἴσον
1498 2227 1634 2279 ἔστω
1682 2227 1757 2300 τῷ
1810 2222 1918 2281 ἀπὸ

226 2314 325 2382 τῆς
363 2317 433 2365 Β’
482 2310 650 2382 λέγω,
699 2308 785 2367 ὅτι
833 2311 982 2367 ἐστὶν
1031 2308 1114 2376 ὡς,
1150 2307 1184 2381 ἡ
1227 2318 1280 2365 A
1318 2309 1456 2384 πρὸς
1493 2310 1597 2383 τὴν
1637 2317 1702 2383 Β,
1745 2311 1922 2381 οὕτως

140 2413 197 2453 25
230 2397 264 2470 ἡ
303 2405 350 2455 Β
391 2397 529 2472 πρὸς
566 2398 670 2471 τὴν
710 2405 770 2456 Γ.

347 2490 471 2543 Τῶν
518 2486 626 2561 γὰρ
675 2484 864 2544 αὐτῶν
902 2487 1494 2559 κατασκευασθέντων,
1544 2489 1659 2544 ἐπεὶ
1705 2488 1768 2546 τὸ
1808 2488 1918 2546 ὑπὸ
1973 2523 1979 2529 ·

227 2580 340 2633 τῶν
394 2581 551 2646 Α,Γ
600 2583 726 2632 ἴσον
782 2577 896 2632 ἐστὶ
950 2580 1025 2650 τῷ
1082 2574 1191 2631 ἀπὸ
1239 2579 1337 2647 τῆς
1383 2582 1456 2647 Β,
1512 2574 1652 2632 ἀλλὰ
1698 2577 1760 2635 τὸ
1810 2577 1917 2635 ἀπὸ

226 2668 324 2736 τῆς
363 2671 410 2720 Β
449 2663 511 2720 τὸ
560 2661 670 2720 ὑπὸ
718 2669 832 2721 τῶν
871 2673 944 2737 Β,
972 2673 1027 2721 Δ
1066 2668 1236 2722 ἐστιν·
1286 2673 1376 2736 ἴση
1429 2663 1535 2736 γὰρ
1574 2663 1608 2737 ἡ
1650 2672 1697 2721 Β
1735 2669 1801 2739 τῇ
1843 2674 1919 2722 Δ·

227 2752 289 2809 τὸ
338 2751 448 2826 ἄρα
494 2751 604 2809 ὑπὸ
653 2757 766 2809 τῶν
806 2761 884 2824 A,
910 2759 963 2810 Γ
997 2762 1122 2810 ἴσον
1171 2753 1284 2810 ἐστὶ
1331 2756 1406 2828 τῷ
1446 2750 1556 2808 ὑπὸ
1596 2757 1710 2810 τῶν
1750 2761 1823 2825 Β,
1850 2763 1918 2811 Δ.

350 2876 386 2916 1.
422 2867 514 2929 ιζ’]
563 2874 610 2916 et
647 2871 741 2916 litt.
780 2871 976 2916 initialis
1016 2888 1076 2916 m.
1122 2878 1147 2917 2
1187 2872 1237 2917 V.
1390 2876 1428 2915 2.
1464 2864 1548 2915 ὦσι
1590 2871 1722 2917 codd.
1874 2877 1916 2916 4.

229 2927 340 2989 κᾶν]
374 2930 455 2975 καὶ
489 2929 534 2975 εἰ
562 2931 617 2975 V.
764 2936 804 2975 6.
838 2931 940 2990 τῆς]
973 2931 1130 2976 insert.
1163 2932 1330 2988 postea
1360 2930 1411 2975 F.
1560 2935 1599 2975 8.
1633 2927 1688 2974 αἰ
1714 2935 1836 2987 τρεῖς
1868 2931 1916 2975 Ρ.
