1988 3152
528 63 989 104 ELEMENTORUM
1017 63 1201 104 LIBER
1231 63 1332 105 vn.
1669 60 1779 113 265

87 200 247 253 quem
297 184 366 251 Γ,
398 186 455 234 A
500 180 784 233 minimum
825 182 1122 234 metiuntur
1158 199 1466 249 numerum,
1515 185 1568 234 E
1605 182 1780 251 [prop.

86 270 356 337 XXXIVJ.
434 269 692 338 quoniam
742 274 817 338 A,
849 273 896 321 Β
943 287 1227 323 numerum
1269 274 1324 322 A
1363 270 1680 340 metiuntur,
1727 273 1782 322 et

620 361 677 409 A
712 375 997 409 numerum
1045 361 1098 409 E
1134 359 1383 428 metitur,
1424 359 1591 412 etiam
1629 361 1699 423 A,
1731 362 1779 410 Β

96 419 305 459 Αι--ι
1139 446 1149 456 .
1672 447 1683 457 .

618 463 904 498 numerum
938 449 992 497 E
1022 448 1334 499 metiunbur.
1396 466 1586 500 uerum
1612 450 1778 500 ebiam

95 507 363 548 131———1
1191 534 1202 544 .
1370 535 1381 545 .

618 536 672 586 Γ
687 552 970 587 numerum
996 538 1049 586 E
1072 536 1311 587 metitur.
1365 537 1550 605 iizaque
1568 540 1636 604 A,
1654 538 1717 603 Β,
1734 536 1789 587 Γ

92 594 147 637 ΓΙ
461 606 468 637 ¹
617 641 903 675 numerum
967 626 1020 675 E
1070 623 1386 676 metiuntur.
1471 624 1582 676 iam
1644 623 1781 693 dico,

92 686 134 726 A
418 695 424 724 ⁸
456 727 527 814 ΕΙ
620 730 711 764 eos
741 730 862 765 eum
889 712 1053 764 etiam
1079 711 1366 764 minimum
1392 712 1588 764 metiri.
1649 730 1780 764 nam
1861 772 1864 776 .

113 786 516 815 *————--

620 801 666 853 si
697 801 893 866 minue,
933 805 1007 870 A,
1038 804 1103 870 Β,
1134 803 1188 853 Γ
1218 818 1502 854 numerum
1543 798 1779 868 aliquem

618 890 884 942 minorem
934 908 1160 942 numero
1201 893 1254 942 E
1289 890 1597 943 metiemur.
1669 905 1778 940 me-

81 979 289 1031 tiantur
334 995 617 1031 numerum
667 981 726 1030 Z.
803 978 1061 1047 quoniam
1098 982 1174 1047 A,
1212 982 1282 1047 Β,
1321 981 1375 1031 Γ
1405 995 1690 1031 numerum
1732 979 1779 1028 Z

81 1067 400 1135 metiuntur,
441 1067 602 1119 etiam
644 1071 712 1136 A,
745 1070 791 1119 Β
824 1085 1108 1119 numerum
1143 1070 1188 1119 Z
1221 1067 1533 1120 metiuntur.
1611 1083 1776 1134 quare

82 1156 269 1222 etiam,
329 1173 489 1224 quem
543 1155 824 1207 minimum
887 1156 1187 1209 metiuntur
1231 1160 1311 1225 A,
1355 1159 1427 1225 Β,
1486 1172 1773 1208 numerum

84 1248 130 1297 Z
183 1245 435 1297 metietur
487 1245 667 1313 [prop.
713 1242 968 1310 XXXVJ.
1046 1263 1235 1297 uerum
1284 1262 1444 1313 quem
1492 1243 1778 1295 minimum

84 1333 382 1386 metiuntur
428 1337 503 1401 A,
535 1336 605 1402 B,
647 1335 731 1385 est
763 1336 832 1386 A.
904 1338 959 1385 A
999 1333 1165 1402 igitur
1204 1350 1491 1385 numerum
1533 1335 1579 1384 Z
1625 1331 1779 1384 meti-

80 1425 185 1475 tur.
264 1439 453 1474 uerum
509 1422 674 1474 etiam
728 1424 782 1474 Γ
828 1439 1114 1475 numerum
1171 1425 1216 1474 Z
1270 1422 1509 1475 metitur.
1591 1421 1776 1490 itaque

84 1515 161 1575 A,
193 1513 247 1563 Γ
277 1529 559 1563 numerum
601 1514 646 1562 Z
685 1511 999 1564 metiuntur.
1077 1529 1242 1580 quare
1283 1510 1448 1563 etiam
1482 1527 1642 1579 quem
1680 1509 1778 1562 mi-

84 1600 293 1651 nimum
347 1599 643 1652 metiuntur
681 1603 760 1668 A,
800 1601 870 1668 Γ,
917 1617 1204 1652 numerum
1252 1603 1297 1651 Z
1344 1598 1599 1651 metietur
1649 1595 1780 1669 [id.].

82 1706 270 1740 uerum
302 1706 460 1758 quem
498 1688 785 1741 minimum
817 1688 1113 1741 metiuntur
1145 1691 1207 1758 Γ,
1240 1692 1308 1758 A,
1342 1691 1424 1740 esi:
1454 1691 1516 1740 E.
1594 1688 1780 1756 itaque

84 1780 136 1829 E
178 1795 458 1830 numerum
507 1781 552 1829 Z
598 1777 844 1847 metitur,
898 1777 1073 1831 maior
1127 1778 1414 1847 minorem,
1468 1776 1610 1846 quod
1662 1776 1781 1828 fieri

81 1883 193 1918 non
232 1869 432 1934 potest.
507 1866 694 1935 issaque
732 1867 943 1920 numeri
974 1871 1041 1931 A,
1072 1870 1137 1937 Β,
1167 1869 1221 1920 Γ
1251 1867 1462 1919 nullum
1493 1884 1778 1918 numerum

83 1972 307 2007 numero
347 1958 401 2006 E
436 1955 701 2008 minorem
740 1956 1046 2008 mebientur.
1126 1973 1256 2027 ergo
1290 1959 1342 2008 E
1379 1954 1634 2007 minimus
1684 1957 1779 2019 est,

83 2061 242 2112 quem
281 2047 354 2111 A,
386 2046 457 2112 Β,
489 2045 543 2095 Γ
573 2043 890 2112 metiuntur3
942 2044 1085 2113 quod
1124 2047 1240 2097 erat
1279 2043 1775 2097 demonstrandum.

113 873 119 902 ι
478 861 527 901 ιΖ

790 2204 1069 2260 XXXVII.

197 2305 253 2360 Si
299 2326 584 2360 numerum
636 2327 893 2363 numerus
951 2310 1147 2380 aliquis
1201 2310 1445 2378 meti’cur,
1499 2310 1568 2379 is,
1620 2328 1778 2380 quem

82 2395 328 2465 metitur,
366 2400 577 2464 partem
616 2396 843 2451 habebit
883 2417 915 2451 a
953 2398 1213 2452 metiente
1252 2399 1671 2453 denominatam.

193 2482 491 2537 Numerum
542 2485 685 2537 enim
740 2491 793 2539 A
845 2505 1101 2540 numerus
1158 2488 1354 2558 aliquis
1401 2491 1448 2540 Β
1504 2489 1777 2543 metia'cur.

80 2603 121 2644 9.
146 2596 229 2643 τὸν
254 2603 455 2646 Z-lo·
482 2600 816 2673 μετρούμενος]
846 2617 935 2648 om.
961 2619 1005 2660 p.
1101 2609 1171 2648 12.
1197 2602 1478 2661 μετρήσουσι
1503 2621 1548 2662 p.
1633 2601 1772 2664 ὥστε]

81 2669 170 2701 om.
215 2659 264 2704 P.
342 2655 435 2714 ἄρα
479 2657 575 2705 ὑπό
621 2661 670 2707 Ρ.
752 2664 812 2718 Γ,
855 2668 895 2706 A
934 2678 977 2719 p.
1134 2667 1202 2708 14.
1253 2666 1313 2719 Γ,
1355 2664 1424 2723 A]
1481 2664 1580 2722 Pp,
1630 2669 1693 2722 A,
1737 2668 1781 2708 Γ

79 2716 214 2772 13qu
382 2724 450 2765 16.
491 2721 556 2790 Β]
599 2735 688 2765 om.
731 2737 773 2778 p.
895 2718 1235 2794 μετρήσουσι]
1280 2700 1387 2778 ΡΒ,
1429 2738 1576 2782 comp.
1611 2739 1663 2780 Ρ,
1697 2740 1775 2782 με-

80 2776 240 2830 τροῦσι
272 2775 378 2833 Vq).
444 2773 669 2824 ἐλάττονα
701 2781 784 2825 τοῦ
817 2783 858 2824 Ε
890 2798 1004 2825 οντα
1036 2797 1079 2839 Ρ.
1205 2787 1274 2828 19.
1307 2780 1390 2827 λθ’
1433 2783 1469 2827 Β
1511 2785 1638 2840 (post
1669 2784 1774 2828 add.

79 2847 142 2878 m.
175 2841 223 2891 1,
249 2839 302 2880 ut
324 2837 521 2893 posthac
546 2840 772 2897 saepius),
800 2840 855 2896 V,
881 2840 916 2884 P
948 2856 1010 2885 m
1037 2855 1151 2897 ree,
1176 2838 1228 2900 μ’
1254 2857 1299 2899 p.
1364 2847 1435 2887 20.
1462 2848 1699 2900 μετρεῖται
1723 2860 1773 2899 φ.
