1988 3152
240 98 372 143 XXII
909 97 1259 140 PRAEFATIO.

242 240 289 284 p.
331 224 451 283 376,
495 224 585 270 22:
625 219 699 283 οἱ]
740 222 918 270 mutat.
955 222 1008 269 in
1047 215 1075 270 ὁ
1111 222 1158 269 b.

496 298 585 344 23:
625 289 753 356 υπό]
795 293 849 343 ἐκ
886 296 932 343 b.
1009 289 1108 344 ὑπὸ
1145 292 1266 356 τῶν]
1307 287 1408 342 υπό
1447 294 1491 342 b.

623 368 810 432 πρῶτοί
843 367 958 431 εἰσι]
1000 361 1191 432 πρῶτός
1228 365 1356 416 ἐστιν
1394 368 1441 415 b.

497 445 588 491 24:
630 440 706 504 οἱ]
749 461 765 491 ι
805 458 931 491 eras.
970 443 1017 491 b.

247 536 294 580 p.
338 520 459 579 378,
541 520 593 564 1:
634 516 820 579 πρῶτοί
854 514 997 578 εἰσιν]
1037 511 1226 579 πρῶτός
1265 514 1392 564 ἔστιν
1430 516 1477 563 b.

535 593 589 639 2:
629 588 719 653 ἔτι]
762 607 855 640 om.
895 591 949 653 b3
988 588 1072 638 καὶ
1109 588 1177 638 ἔτι
1216 605 1368 653 supra
1408 605 1500 637 scr.
1538 605 1603 637 m.
1642 604 1737 637 rec.

624 663 697 727 οἱ]
740 683 758 712 ι
797 680 919 713 eras.
960 665 1007 714 b.

533 741 587 788 3:
627 738 814 804 πρῶτοί
848 736 990 801 εἰσιν]
1031 730 1224 802 πρῶτός
1262 735 1390 786 ἔστιν
1427 738 1474 787 b.

354 844 562 892 Praeter
617 858 808 891 errores
863 857 1014 904 supra
1073 842 1176 890 suis
1238 841 1358 890 locis
1412 841 1462 888 in
1527 841 1932 890 adnotationibus

244 921 512 979 correctos,
557 918 642 980 qui
679 917 733 964 in
772 915 1120 966 collationibus
1159 915 1383 964 codicum
1422 914 1680 963 enotandis
1720 915 1931 977 irrepse-

242 995 375 1055 runt,
405 1008 562 1040 unum
594 991 917 1054 deprehendi3
948 1005 1065 1038 nam
1096 1006 1142 1052 p.
1178 991 1281 1039 392
1315 988 1368 1036 in
1399 989 1720 1038 adnotatione
1752 989 1932 1037 adden-

243 1067 362 1114 dum
402 1069 498 1115 est:
540 1067 655 1127 ,,10.
693 1063 812 1127 τῶν]
855 1060 951 1130 ἄρα
987 1066 1085 1113 τῶν
1123 1059 1356 1125 BFVq.“

1120 1207 1267 1214 ———-

364 1315 629 1378 Quoniam
664 1314 883 1367 collatio
917 1313 1116 1367 codicis
1149 1311 1432 1365 Bodleiam'
1462 1311 1517 1363 in
1550 1310 1687 1363 libro
1714 1310 1937 1380 decim0,

246 1423 407 1475 quam
449 1404 587 1458 alius
629 1403 1015 1458 conficiendam
1056 1393 1316 1469 suscepit,
1359 1398 1607 1452 ‘nondum
1646 1398 1800 1451 finita
1839 1401 1938 1468 est,

250 1497 505 1563 quartum
544 1493 951 1546 Elementorum
991 1491 1246 1544 uolumen
1284 1488 1454 1542 libros
1506 1487 1936 1541 stereometricos

249 1583 536 1636 continens
585 1586 710 1636 ante
749 1582 971 1635 tertium
1017 1579 1260 1650 prodibit
1298 1580 1351 1631 et
1389 1567 1443 1630 id
1482 1577 1661 1646 ipsum
1705 1576 1936 1629 fortasse

244 1673 430 1742 paullo
477 1671 707 1741 tardiUS‚
762 1672 888 1741 quia
934 1661 1037 1723 hoc
1085 1685 1296 1739 quoque
1344 1685 1508 1732 anno,
1561 1664 1934 1718 Ministerio

246 1761 417 1815 cultui
449 1761 755 1831 scholisque
794 1758 1127 1830 praesidenti
1156 1775 1343 1811 rursus
1381 1754 1758 1809 liberalissime
1792 1753 1934 1806 adiu-

246 1855 430 1922 uante,
466 1851 758 1905 interuenit
795 1850 898 1902 iter
929 1848 1182 1902 Italicum
1220 1846 1386 1899 trium
1419 1843 1701 1911 mensium,
1739 1842 1798 1894 in
1830 1860 1935 1911 quo

246 1941 455 1996 codices
494 1940 827 1994 scholiorum
860 1941 914 1991 et
946 1955 1167 2007 operum
1207 1935 1479 1988 minorum
1518 1931 1751 1985 maxime
1784 1929 1936 1983 Uati-

247 2049 412 2084 canos
451 2030 821 2099 perscrutatus
862 2045 995 2080 sum.
1056 2043 1214 2096 quem
1251 2024 1493 2077 laborem
1534 2024 1595 2073 ut
1633 2023 1747 2072 tam
1784 2018 1936 2071 breui

249 2123 495 2189 tempore
529 2118 596 2171 ad
627 2118 787 2171 finem
819 2115 1107 2186 perducere
1145 2131 1378 2183 possem,
1417 2112 1709 2165 effecerunt
1741 2107 1938 2160 summi

245 2208 351 2262 uiri
382 2207 553 2261 MonS.
577 2205 904 2268 ⁴Ciccolini
936 2207 990 2258 et
1020 2204 1080 2257 P.
1111 2202 1334 2271 Bollig
1365 2200 1418 2253 S.
1440 2199 1507 2269 J.‚
1538 2195 1937 2251 bibliothecarii

247 2297 516 2366 Uaticani,
548 2314 774 2366 quorum
797 2293 1193 2347 humanitatem
1218 2287 1757 2354 beneuolentiamque
1781 2286 1936 2353 grato

248 2405 310 2441 ac
347 2385 540 2439 libenti
580 2385 760 2439 animo
802 2400 1054 2454 agnosco,

406 2489 516 2544 Scr.
554 2488 802 2543 Hauniae
842 2505 1024 2540 mense
1064 2484 1351 2538 Decembri
1389 2476 1936 2536 MDCCCLXXXIII.
