<?xml version="1.0" encoding="UTF-8"?>
<!DOCTYPE html PUBLIC "-//W3C//DTD XHTML 1.0 Transitional//EN"
    "http://www.w3.org/TR/xhtml1/DTD/xhtml1-transitional.dtd">
<html xmlns="http://www.w3.org/1999/xhtml" xml:lang="en" lang="en">
 <head>
  <title>
</title>
<meta http-equiv="Content-Type" content="text/html;charset=utf-8" />
  <meta name='ocr-system' content='tesseract 3.04.00' />
  <meta name='ocr-capabilities' content='ocr_page ocr_carea ocr_par ocr_line ocrx_word'/>
</head>
<body>
  <div class='ocr_page' id='page_1' title='image "./euclidisoperaomn02eucluoft_0223.png"; bbox 0 0 1988 3152; ppageno 0'>
   <div class='ocr_carea' id='block_1_1' title="bbox 565 91 1808 144">
    <p class='ocr_par' dir='ltr' id='par_1_1' title="bbox 565 91 1808 144">
     <span class='ocr_line' id='line_1_1' title="bbox 565 91 1808 144; baseline 0.008 -10"><span class='ocrx_word' id='word_1_1' title='bbox 565 94 1025 136; x_wconf 84' lang='lat' dir='ltr'>ELEMENTORUM</span> <span class='ocrx_word' id='word_1_2' title='bbox 1054 95 1236 136; x_wconf 81' lang='lat' dir='ltr'><strong>LIBER</strong></span> <span class='ocrx_word' id='word_1_3' title='bbox 1266 94 1367 136; x_wconf 84' lang='lat' dir='ltr'>vn.</span> <span class='ocrx_word' id='word_1_4' title='bbox 1702 91 1808 144; x_wconf 85' lang='lat'>197</span> 
     </span>
    </p>
   </div>
   <div class='ocr_carea' id='block_1_2' title="bbox 106 213 1823 2590">
    <p class='ocr_par' dir='ltr' id='par_1_2' title="bbox 106 213 1822 1347">
     <span class='ocr_line' id='line_1_2' title="bbox 109 213 1813 283; baseline -0.003 -14"><span class='ocrx_word' id='word_1_5' title='bbox 109 219 214 269; x_wconf 76' lang='lat' dir='ltr'>tur.</span> <span class='ocrx_word' id='word_1_6' title='bbox 306 230 474 283; x_wconf 83' lang='lat' dir='ltr'>quare</span> <span class='ocrx_word' id='word_1_7' title='bbox 529 218 584 266; x_wconf 97' lang='lat' dir='ltr'><em>A</em></span> <span class='ocrx_word' id='word_1_8' title='bbox 647 213 946 266; x_wconf 84' lang='lat' dir='ltr'>communis</span> <span class='ocrx_word' id='word_1_9' title='bbox 1010 231 1266 266; x_wconf 84' lang='lat' dir='ltr'>mensura</span> <span class='ocrx_word' id='word_1_10' title='bbox 1322 215 1406 265; x_wconf 69' lang='lat' dir='ltr'>est</span> <span class='ocrx_word' id='word_1_11' title='bbox 1465 229 1813 265; x_wconf 85' lang='lat' dir='ltr'>numerorum</span> 
     </span>
     <span class='ocr_line' id='line_1_3' title="bbox 109 301 1814 373; baseline -0.002 -16"><span class='ocrx_word' id='word_1_12' title='bbox 109 309 176 373; x_wconf 88' lang='lat' dir='ltr'>A,</span> <span class='ocrx_word' id='word_1_13' title='bbox 207 307 270 367; x_wconf 91' lang='lat' dir='ltr'>B,</span> <span class='ocrx_word' id='word_1_14' title='bbox 301 304 362 356; x_wconf 90' lang='grc' dir='ltr'>Γ.</span> <span class='ocrx_word' id='word_1_15' title='bbox 440 301 583 369; x_wconf 82' lang='grc'>(1100,</span> <span class='ocrx_word' id='word_1_16' title='bbox 639 301 868 354; x_wconf 83' lang='lat' dir='ltr'>eundem</span> <span class='ocrx_word' id='word_1_17' title='bbox 921 302 1215 354; x_wconf 85' lang='lat' dir='ltr'>maximam</span> <span class='ocrx_word' id='word_1_18' title='bbox 1270 319 1402 354; x_wconf 84' lang='lat' dir='ltr'>esse.</span> <span class='ocrx_word' id='word_1_19' title='bbox 1485 319 1613 354; x_wconf 87' lang='lat' dir='ltr'>nam</span> <span class='ocrx_word' id='word_1_20' title='bbox 1662 301 1709 353; x_wconf 83' lang='lat' dir='ltr'>si</span> <span class='ocrx_word' id='word_1_21' title='bbox 1758 305 1814 353; x_wconf 95' lang='lat' dir='ltr'><em>A</em></span> 
     </span>
     <span class='ocr_line' id='line_1_4' title="bbox 107 389 1814 459; baseline -0.002 -14"><span class='ocrx_word' id='word_1_22' title='bbox 107 409 452 445; x_wconf 86' lang='lat' dir='ltr'>numerorum</span> <span class='ocrx_word' id='word_1_23' title='bbox 491 395 565 453; x_wconf 88' lang='lat' dir='ltr'>A,</span> <span class='ocrx_word' id='word_1_24' title='bbox 602 393 671 459; x_wconf 89' lang='grc' dir='ltr'>Β,</span> <span class='ocrx_word' id='word_1_25' title='bbox 705 392 759 442; x_wconf 94' lang='grc' dir='ltr'><em>Γ</em></span> <span class='ocrx_word' id='word_1_26' title='bbox 789 390 1026 442; x_wconf 87' lang='lat' dir='ltr'>maxima</span> <span class='ocrx_word' id='word_1_27' title='bbox 1065 408 1320 443; x_wconf 84' lang='lat' dir='ltr'>mensura</span> <span class='ocrx_word' id='word_1_28' title='bbox 1359 389 1660 444; x_wconf 81' lang='lat' dir='ltr'>communis</span> <span class='ocrx_word' id='word_1_29' title='bbox 1701 406 1814 442; x_wconf 88' lang='grc'>11011</span> 
     </span>
     <span class='ocr_line' id='line_1_5' title="bbox 111 478 1822 549; baseline -0.002 -16"><span class='ocrx_word' id='word_1_30' title='bbox 111 485 209 549; x_wconf 75' lang='lat' dir='ltr'><em>est,</em></span> <span class='ocrx_word' id='word_1_31' title='bbox 240 497 496 532; x_wconf 87' lang='lat' dir='ltr'>numerus</span> <span class='ocrx_word' id='word_1_32' title='bbox 530 479 727 548; x_wconf 85' lang='lat' dir='ltr'>aliquis</span> <span class='ocrx_word' id='word_1_33' title='bbox 758 496 986 532; x_wconf 85' lang='lat' dir='ltr'>numero</span> <span class='ocrx_word' id='word_1_34' title='bbox 1021 482 1076 530; x_wconf 96' lang='lat' dir='ltr'><em>A</em></span> <span class='ocrx_word' id='word_1_35' title='bbox 1107 478 1281 531; x_wconf 88' lang='lat' dir='ltr'>maior</span> <span class='ocrx_word' id='word_1_36' title='bbox 1311 497 1562 532; x_wconf 85' lang='lat' dir='ltr'>numeros</span> <span class='ocrx_word' id='word_1_37' title='bbox 1588 483 1655 547; x_wconf 88' lang='lat' dir='ltr'>A,</span> <span class='ocrx_word' id='word_1_38' title='bbox 1679 481 1743 546; x_wconf 90' lang='grc' dir='ltr'>Β,</span> <span class='ocrx_word' id='word_1_39' title='bbox 1767 479 1822 530; x_wconf 94' lang='grc' dir='ltr'><em>Γ</em></span> 
     </span>
     <span class='ocr_line' id='line_1_6' title="bbox 108 567 1814 636; baseline -0.001 -15"><span class='ocrx_word' id='word_1_40' title='bbox 108 569 378 622; x_wconf 68' lang='lat' dir='ltr'>metietur.</span> <span class='ocrx_word' id='word_1_41' title='bbox 454 568 714 621; x_wconf 73' lang='lat' dir='ltr'>metiatur</span> <span class='ocrx_word' id='word_1_42' title='bbox 752 571 805 620; x_wconf 73' lang='lat' dir='ltr'>et</span> <span class='ocrx_word' id='word_1_43' title='bbox 843 568 918 620; x_wconf 74' lang='lat' dir='ltr'>sit</span> <span class='ocrx_word' id='word_1_44' title='bbox 956 571 1019 620; x_wconf 91' lang='lat' dir='ltr'>E.</span> <span class='ocrx_word' id='word_1_45' title='bbox 1095 567 1206 619; x_wconf 90' lang='lat' dir='ltr'>iam</span> <span class='ocrx_word' id='word_1_46' title='bbox 1248 569 1502 636; x_wconf 87' lang='lat' dir='ltr'>quoniam</span> <span class='ocrx_word' id='word_1_47' title='bbox 1541 572 1593 620; x_wconf 89' lang='lat' dir='ltr'><em>E</em></span> <span class='ocrx_word' id='word_1_48' title='bbox 1628 584 1814 620; x_wconf 80' lang='lat' dir='ltr'>nume-</span> 
     </span>
     <span class='ocr_line' id='line_1_7' title="bbox 106 657 1815 727; baseline -0.002 -16"><span class='ocrx_word' id='word_1_49' title='bbox 106 677 197 711; x_wconf 85' lang='lat' dir='ltr'>ros</span> <span class='ocrx_word' id='word_1_50' title='bbox 240 662 316 726; x_wconf 86' lang='lat' dir='ltr'>A,</span> <span class='ocrx_word' id='word_1_51' title='bbox 358 660 428 725; x_wconf 89' lang='grc' dir='ltr'>Β,</span> <span class='ocrx_word' id='word_1_52' title='bbox 469 659 521 709; x_wconf 91' lang='grc' dir='ltr'><em>Γ</em></span> <span class='ocrx_word' id='word_1_53' title='bbox 562 657 811 727; x_wconf 70' lang='lat' dir='ltr'>metitur,</span> <span class='ocrx_word' id='word_1_54' title='bbox 863 657 1028 710; x_wconf 73' lang='lat' dir='ltr'>etiam</span> <span class='ocrx_word' id='word_1_55' title='bbox 1082 661 1157 721; x_wconf 91' lang='lat' dir='ltr'>A,</span> <span class='ocrx_word' id='word_1_56' title='bbox 1197 660 1245 708; x_wconf 95' lang='grc' dir='ltr'>Β</span> <span class='ocrx_word' id='word_1_57' title='bbox 1292 658 1563 711; x_wconf 69' lang='lat' dir='ltr'>metietur.</span> <span class='ocrx_word' id='word_1_58' title='bbox 1649 673 1815 725; x_wconf 84' lang='lat' dir='ltr'>quare</span> 
     </span>
     <span class='ocr_line' id='line_1_8' title="bbox 110 745 1814 800; baseline -0.002 -1"><span class='ocrx_word' id='word_1_59' title='bbox 110 747 275 799; x_wconf 76' lang='lat' dir='ltr'>etiam</span> <span class='ocrx_word' id='word_1_60' title='bbox 330 745 622 798; x_wconf 86' lang='lat' dir='ltr'>maximam</span> <span class='ocrx_word' id='word_1_61' title='bbox 683 763 995 798; x_wconf 85' lang='lat' dir='ltr'>mensuram</span> <span class='ocrx_word' id='word_1_62' title='bbox 1059 763 1401 800; x_wconf 82' lang='lat' dir='ltr'>communem</span> <span class='ocrx_word' id='word_1_63' title='bbox 1462 761 1814 798; x_wconf 84' lang='lat' dir='ltr'>numerorum</span> 
     </span>
     <span class='ocr_line' id='line_1_9' title="bbox 114 833 1814 903; baseline -0.002 -16"><span class='ocrx_word' id='word_1_64' title='bbox 114 841 183 902; x_wconf 87' lang='lat' dir='ltr'>A,</span> <span class='ocrx_word' id='word_1_65' title='bbox 218 838 265 886; x_wconf 94' lang='grc' dir='ltr'>Β</span> <span class='ocrx_word' id='word_1_66' title='bbox 296 835 552 888; x_wconf 71' lang='lat' dir='ltr'>metietur</span> <span class='ocrx_word' id='word_1_67' title='bbox 585 835 760 903; x_wconf 87' lang='lat' dir='ltr'>[prop.</span> <span class='ocrx_word' id='word_1_68' title='bbox 791 833 846 885; x_wconf 94' lang='lat' dir='ltr'>II</span> <span class='ocrx_word' id='word_1_69' title='bbox 879 833 1104 900; x_wconf 83' lang='lat' dir='ltr'>coroll.].</span> <span class='ocrx_word' id='word_1_70' title='bbox 1171 850 1363 886; x_wconf 87' lang='lat' dir='ltr'>uerum</span> <span class='ocrx_word' id='word_1_71' title='bbox 1395 833 1636 886; x_wconf 88' lang='lat' dir='ltr'>maxima</span> <span class='ocrx_word' id='word_1_72' title='bbox 1667 850 1814 886; x_wconf 85' lang='lat' dir='ltr'>men-</span> 
     </span>
     <span class='ocr_line' id='line_1_10' title="bbox 112 923 1819 990; baseline -0.001 -15"><span class='ocrx_word' id='word_1_73' title='bbox 112 942 239 975; x_wconf 87' lang='lat' dir='ltr'>sura</span> <span class='ocrx_word' id='word_1_74' title='bbox 286 924 586 976; x_wconf 78' lang='lat' dir='ltr'>eommunis</span> <span class='ocrx_word' id='word_1_75' title='bbox 633 941 983 976; x_wconf 81' lang='lat' dir='ltr'>numerorum</span> <span class='ocrx_word' id='word_1_76' title='bbox 1038 926 1116 990; x_wconf 89' lang='lat' dir='ltr'>A,</span> <span class='ocrx_word' id='word_1_77' title='bbox 1149 925 1197 974; x_wconf 95' lang='grc' dir='ltr'>Β</span> <span class='ocrx_word' id='word_1_78' title='bbox 1239 925 1323 975; x_wconf 69' lang='lat' dir='ltr'>esiz</span> <span class='ocrx_word' id='word_1_79' title='bbox 1374 927 1445 976; x_wconf 89' lang='lat' dir='ltr'>A.</span> <span class='ocrx_word' id='word_1_80' title='bbox 1529 923 1715 990; x_wconf 70' lang='lat' dir='ltr'>itaque</span> <span class='ocrx_word' id='word_1_81' title='bbox 1766 923 1819 973; x_wconf 89' lang='lat' dir='ltr'><em>E</em></span> 
     </span>
     <span class='ocr_line' id='line_1_11' title="bbox 116 1012 1813 1081; baseline -0.002 -17"><span class='ocrx_word' id='word_1_82' title='bbox 116 1012 341 1064; x_wconf 71' lang='lat' dir='ltr'>metitur</span> <span class='ocrx_word' id='word_1_83' title='bbox 396 1017 452 1064; x_wconf 96' lang='lat' dir='ltr'><em>A</em></span> <span class='ocrx_word' id='word_1_84' title='bbox 506 1014 681 1066; x_wconf 90' lang='lat' dir='ltr'>maior</span> <span class='ocrx_word' id='word_1_85' title='bbox 737 1013 1026 1080; x_wconf 84' lang='lat' dir='ltr'>minorem3</span> <span class='ocrx_word' id='word_1_86' title='bbox 1082 1012 1225 1081; x_wconf 87' lang='lat' dir='ltr'>quod</span> <span class='ocrx_word' id='word_1_87' title='bbox 1279 1012 1400 1064; x_wconf 84' lang='lat' dir='ltr'>fieri</span> <span class='ocrx_word' id='word_1_88' title='bbox 1453 1030 1565 1064; x_wconf 87' lang='lat' dir='ltr'>non</span> <span class='ocrx_word' id='word_1_89' title='bbox 1618 1012 1813 1079; x_wconf 72' lang='lat' dir='ltr'>potest.</span> 
     </span>
     <span class='ocr_line' id='line_1_12' title="bbox 108 1098 1815 1170; baseline -0.001 -18"><span class='ocrx_word' id='word_1_90' title='bbox 108 1101 295 1169; x_wconf 71' lang='lat' dir='ltr'>itaque</span> <span class='ocrx_word' id='word_1_91' title='bbox 334 1118 589 1154; x_wconf 85' lang='lat' dir='ltr'>numeros</span> <span class='ocrx_word' id='word_1_92' title='bbox 631 1107 701 1169; x_wconf 92' lang='lat' dir='ltr'>A,</span> <span class='ocrx_word' id='word_1_93' title='bbox 734 1105 798 1170; x_wconf 89' lang='grc' dir='ltr'>Β,</span> <span class='ocrx_word' id='word_1_94' title='bbox 829 1103 883 1153; x_wconf 94' lang='grc' dir='ltr'><em>Γ</em></span> <span class='ocrx_word' id='word_1_95' title='bbox 913 1119 1024 1154; x_wconf 90' lang='grc'>11011</span> <span class='ocrx_word' id='word_1_96' title='bbox 1064 1100 1320 1153; x_wconf 72' lang='lat' dir='ltr'>metietur</span> <span class='ocrx_word' id='word_1_97' title='bbox 1350 1118 1607 1154; x_wconf 83' lang='lat' dir='ltr'>numerus</span> <span class='ocrx_word' id='word_1_98' title='bbox 1641 1098 1815 1151; x_wconf 91' lang='lat' dir='ltr'>maior</span> 
     </span>
     <span class='ocr_line' id='line_1_13' title="bbox 106 1186 1809 1259; baseline -0.001 -19"><span class='ocrx_word' id='word_1_99' title='bbox 106 1207 328 1242; x_wconf 87' lang='lat' dir='ltr'>numero</span> <span class='ocrx_word' id='word_1_100' title='bbox 370 1193 438 1241; x_wconf 92' lang='lat' dir='ltr'>A.</span> <span class='ocrx_word' id='word_1_101' title='bbox 517 1207 645 1259; x_wconf 82' lang='lat' dir='ltr'>ergo</span> <span class='ocrx_word' id='word_1_102' title='bbox 688 1193 743 1242; x_wconf 95' lang='lat' dir='ltr'><em>A</em></span> <span class='ocrx_word' id='word_1_103' title='bbox 790 1189 1028 1242; x_wconf 88' lang='lat' dir='ltr'>maxima</span> <span class='ocrx_word' id='word_1_104' title='bbox 1075 1191 1158 1242; x_wconf 70' lang='lat' dir='ltr'>est</span> <span class='ocrx_word' id='word_1_105' title='bbox 1204 1206 1458 1242; x_wconf 83' lang='lat' dir='ltr'>mensura</span> <span class='ocrx_word' id='word_1_106' title='bbox 1506 1186 1809 1241; x_wconf 81' lang='lat' dir='ltr'>communis</span> 
     </span>
     <span class='ocr_line' id='line_1_14' title="bbox 114 1280 768 1347; baseline 0.002 -18"><span class='ocrx_word' id='word_1_107' title='bbox 114 1296 460 1330; x_wconf 85' lang='lat' dir='ltr'>numerorum</span> <span class='ocrx_word' id='word_1_108' title='bbox 498 1283 574 1347; x_wconf 90' lang='lat' dir='ltr'>A,</span> <span class='ocrx_word' id='word_1_109' title='bbox 605 1282 676 1345; x_wconf 93' lang='grc' dir='ltr'>Β,</span> <span class='ocrx_word' id='word_1_110' title='bbox 710 1280 768 1330; x_wconf 94' lang='grc' dir='ltr'>Γ.</span> 
     </span>
    </p>

    <p class='ocr_par' dir='ltr' id='par_1_3' title="bbox 107 1360 1823 2590">
     <span class='ocr_line' id='line_1_15' title="bbox 218 1360 1812 1434; baseline -0.003 -15"><span class='ocrx_word' id='word_1_111' title='bbox 218 1367 328 1419; x_wconf 85' lang='lat' dir='ltr'>iam</span> <span class='ocrx_word' id='word_1_112' title='bbox 384 1385 453 1419; x_wconf 86' lang='lat' dir='ltr'>ne</span> <span class='ocrx_word' id='word_1_113' title='bbox 507 1367 764 1419; x_wconf 73' lang='lat' dir='ltr'>metiatur</span> <span class='ocrx_word' id='word_1_114' title='bbox 810 1371 866 1419; x_wconf 87' lang='lat' dir='ltr'><em>A</em></span> <span class='ocrx_word' id='word_1_115' title='bbox 913 1384 1200 1420; x_wconf 86' lang='lat' dir='ltr'>numerum</span> <span class='ocrx_word' id='word_1_116' title='bbox 1247 1360 1307 1420; x_wconf 92' lang='grc' dir='ltr'>Γ.</span> <span class='ocrx_word' id='word_1_117' title='bbox 1393 1366 1511 1418; x_wconf 85' lang='lat' dir='ltr'>dico</span> <span class='ocrx_word' id='word_1_118' title='bbox 1559 1364 1812 1434; x_wconf 83' lang='lat' dir='ltr'>primum,</span> 
     </span>
     <span class='ocr_line' id='line_1_16' title="bbox 112 1455 1813 1525; baseline -0.001 -18"><span class='ocrx_word' id='word_1_119' title='bbox 112 1473 365 1508; x_wconf 85' lang='lat' dir='ltr'>numeros</span> <span class='ocrx_word' id='word_1_120' title='bbox 406 1458 473 1523; x_wconf 93' lang='grc' dir='ltr'>Γ,</span> <span class='ocrx_word' id='word_1_121' title='bbox 507 1460 562 1508; x_wconf 96' lang='lat' dir='ltr'><em>A</em></span> <span class='ocrx_word' id='word_1_122' title='bbox 607 1474 718 1508; x_wconf 89' lang='lat' dir='ltr'>non</span> <span class='ocrx_word' id='word_1_123' title='bbox 770 1474 887 1508; x_wconf 84' lang='lat' dir='ltr'>esse</span> <span class='ocrx_word' id='word_1_124' title='bbox 938 1456 1141 1525; x_wconf 83' lang='lat' dir='ltr'>primos</span> <span class='ocrx_word' id='word_1_125' title='bbox 1181 1455 1327 1508; x_wconf 71' lang='lat' dir='ltr'>inter</span> <span class='ocrx_word' id='word_1_126' title='bbox 1368 1473 1439 1508; x_wconf 83' lang='lat' dir='ltr'>se.</span> <span class='ocrx_word' id='word_1_127' title='bbox 1517 1472 1645 1506; x_wconf 87' lang='lat' dir='ltr'>nam</span> <span class='ocrx_word' id='word_1_128' title='bbox 1685 1471 1813 1522; x_wconf 89' lang='lat' dir='ltr'>quo-</span> 
     </span>
     <span class='ocr_line' id='line_1_17' title="bbox 112 1543 1816 1613; baseline -0.001 -17"><span class='ocrx_word' id='word_1_129' title='bbox 112 1545 262 1597; x_wconf 88' lang='lat' dir='ltr'>niam</span> <span class='ocrx_word' id='word_1_130' title='bbox 302 1550 373 1613; x_wconf 92' lang='lat' dir='ltr'>A,</span> <span class='ocrx_word' id='word_1_131' title='bbox 406 1548 468 1613; x_wconf 89' lang='grc' dir='ltr'>Β,</span> <span class='ocrx_word' id='word_1_132' title='bbox 501 1547 555 1598; x_wconf 92' lang='grc' dir='ltr'><em>Γ</em></span> <span class='ocrx_word' id='word_1_133' title='bbox 586 1545 750 1613; x_wconf 90' lang='lat' dir='ltr'>primi</span> <span class='ocrx_word' id='word_1_134' title='bbox 788 1563 900 1598; x_wconf 87' lang='lat' dir='ltr'>non</span> <span class='ocrx_word' id='word_1_135' title='bbox 941 1547 1070 1597; x_wconf 62' lang='lat' dir='ltr'>suni,</span> <span class='ocrx_word' id='word_1_136' title='bbox 1109 1545 1255 1597; x_wconf 76' lang='lat' dir='ltr'>inter</span> <span class='ocrx_word' id='word_1_137' title='bbox 1297 1562 1379 1612; x_wconf 81' lang='lat' dir='ltr'><em>se,</em></span> <span class='ocrx_word' id='word_1_138' title='bbox 1419 1562 1678 1596; x_wconf 78' lang='lat' dir='ltr'>numerus</span> <span class='ocrx_word' id='word_1_139' title='bbox 1720 1543 1816 1595; x_wconf 87' lang='lat' dir='ltr'>ali-</span> 
     </span>
     <span class='ocr_line' id='line_1_18' title="bbox 108 1631 1814 1704; baseline -0.001 -19"><span class='ocrx_word' id='word_1_140' title='bbox 108 1634 227 1703; x_wconf 87' lang='lat' dir='ltr'>quis</span> <span class='ocrx_word' id='word_1_141' title='bbox 268 1651 359 1686; x_wconf 88' lang='lat' dir='ltr'>eos</span> <span class='ocrx_word' id='word_1_142' title='bbox 399 1634 667 1688; x_wconf 74' lang='lat' dir='ltr'>metietur.</span> <span class='ocrx_word' id='word_1_143' title='bbox 745 1634 837 1704; x_wconf 88' lang='lat' dir='ltr'>qui</span> <span class='ocrx_word' id='word_1_144' title='bbox 877 1636 1059 1686; x_wconf 73' lang='lat' dir='ltr'>autem</span> <span class='ocrx_word' id='word_1_145' title='bbox 1094 1637 1162 1702; x_wconf 83' lang='lat' dir='ltr'>A,</span> <span class='ocrx_word' id='word_1_146' title='bbox 1195 1636 1260 1700; x_wconf 88' lang='grc' dir='ltr'>Β,</span> <span class='ocrx_word' id='word_1_147' title='bbox 1293 1634 1346 1684; x_wconf 92' lang='grc' dir='ltr'><em>Γ</em></span> <span class='ocrx_word' id='word_1_148' title='bbox 1370 1632 1609 1701; x_wconf 72' lang='lat' dir='ltr'>metitur,</span> <span class='ocrx_word' id='word_1_149' title='bbox 1649 1631 1814 1685; x_wconf 69' lang='lat' dir='ltr'>etiam</span> 
     </span>
     <span class='ocr_line' id='line_1_19' title="bbox 107 1722 1814 1791; baseline -0.001 -16"><span class='ocrx_word' id='word_1_150' title='bbox 107 1727 175 1791; x_wconf 89' lang='lat' dir='ltr'>A,</span> <span class='ocrx_word' id='word_1_151' title='bbox 206 1725 254 1775; x_wconf 94' lang='grc' dir='ltr'>Β</span> <span class='ocrx_word' id='word_1_152' title='bbox 295 1723 562 1791; x_wconf 74' lang='lat' dir='ltr'>metietur,</span> <span class='ocrx_word' id='word_1_153' title='bbox 604 1725 659 1775; x_wconf 75' lang='lat' dir='ltr'>et</span> <span class='ocrx_word' id='word_1_154' title='bbox 698 1727 755 1774; x_wconf 95' lang='lat' dir='ltr'><em>A</em></span> <span class='ocrx_word' id='word_1_155' title='bbox 794 1722 1089 1775; x_wconf 86' lang='lat' dir='ltr'>maximam</span> <span class='ocrx_word' id='word_1_156' title='bbox 1122 1739 1432 1774; x_wconf 79' lang='lat' dir='ltr'>mensuram</span> <span class='ocrx_word' id='word_1_157' title='bbox 1473 1738 1814 1774; x_wconf 80' lang='lat' dir='ltr'>communem</span> 
     </span>
     <span class='ocr_line' id='line_1_20' title="bbox 108 1810 1817 1881; baseline -0.001 -18"><span class='ocrx_word' id='word_1_158' title='bbox 108 1830 457 1865; x_wconf 85' lang='lat' dir='ltr'>numerorum</span> <span class='ocrx_word' id='word_1_159' title='bbox 504 1817 572 1881; x_wconf 88' lang='lat' dir='ltr'>A,</span> <span class='ocrx_word' id='word_1_160' title='bbox 614 1815 663 1864; x_wconf 95' lang='grc' dir='ltr'>Β</span> <span class='ocrx_word' id='word_1_161' title='bbox 710 1812 967 1864; x_wconf 66' lang='lat' dir='ltr'>meizietur</span> <span class='ocrx_word' id='word_1_162' title='bbox 1024 1812 1198 1880; x_wconf 87' lang='lat' dir='ltr'>[prop.</span> <span class='ocrx_word' id='word_1_163' title='bbox 1230 1810 1286 1862; x_wconf 94' lang='lat' dir='ltr'>II</span> <span class='ocrx_word' id='word_1_164' title='bbox 1319 1811 1543 1877; x_wconf 81' lang='lat' dir='ltr'>coroll.].</span> <span class='ocrx_word' id='word_1_165' title='bbox 1626 1827 1817 1863; x_wconf 87' lang='lat' dir='ltr'>uerum</span> 
     </span>
     <span class='ocr_line' id='line_1_21' title="bbox 111 1897 1814 1970; baseline -0.001 -18"><span class='ocrx_word' id='word_1_166' title='bbox 111 1901 278 1953; x_wconf 78' lang='lat' dir='ltr'>etiam</span> <span class='ocrx_word' id='word_1_167' title='bbox 318 1903 371 1953; x_wconf 93' lang='grc' dir='ltr'><em>Γ</em></span> <span class='ocrx_word' id='word_1_168' title='bbox 402 1901 639 1955; x_wconf 72' lang='lat' dir='ltr'>metitur.</span> <span class='ocrx_word' id='word_1_169' title='bbox 718 1919 881 1970; x_wconf 84' lang='lat' dir='ltr'>quare</span> <span class='ocrx_word' id='word_1_170' title='bbox 921 1918 1174 1953; x_wconf 80' lang='lat' dir='ltr'>numeros</span> <span class='ocrx_word' id='word_1_171' title='bbox 1216 1904 1295 1969; x_wconf 85' lang='lat' dir='ltr'>A,</span> <span class='ocrx_word' id='word_1_172' title='bbox 1326 1902 1381 1952; x_wconf 93' lang='grc' dir='ltr'><em>Γ</em></span> <span class='ocrx_word' id='word_1_173' title='bbox 1418 1917 1676 1953; x_wconf 80' lang='lat' dir='ltr'>numerus</span> <span class='ocrx_word' id='word_1_174' title='bbox 1717 1897 1814 1951; x_wconf 91' lang='lat' dir='ltr'>ali-</span> 
     </span>
     <span class='ocr_line' id='line_1_22' title="bbox 115 1989 1818 2059; baseline -0.001 -17"><span class='ocrx_word' id='word_1_175' title='bbox 115 1989 235 2059; x_wconf 83' lang='lat' dir='ltr'>quis</span> <span class='ocrx_word' id='word_1_176' title='bbox 275 1990 542 2042; x_wconf 71' lang='lat' dir='ltr'>metietur.</span> <span class='ocrx_word' id='word_1_177' title='bbox 619 1990 802 2059; x_wconf 74' lang='lat' dir='ltr'>itaque</span> <span class='ocrx_word' id='word_1_178' title='bbox 843 1993 913 2058; x_wconf 89' lang='lat' dir='ltr'>A,</span> <span class='ocrx_word' id='word_1_179' title='bbox 946 1992 1000 2042; x_wconf 97' lang='grc' dir='ltr'><em>Γ</em></span> <span class='ocrx_word' id='word_1_180' title='bbox 1038 1989 1204 2059; x_wconf 89' lang='lat' dir='ltr'>primi</span> <span class='ocrx_word' id='word_1_181' title='bbox 1241 2006 1354 2041; x_wconf 90' lang='grc'>11011</span> <span class='ocrx_word' id='word_1_182' title='bbox 1394 1991 1521 2041; x_wconf 78' lang='lat' dir='ltr'><strong>sunt</strong></span> <span class='ocrx_word' id='word_1_183' title='bbox 1559 1989 1704 2041; x_wconf 72' lang='lat' dir='ltr'>inter</span> <span class='ocrx_word' id='word_1_184' title='bbox 1744 2006 1818 2041; x_wconf 86' lang='lat' dir='ltr'>se.</span> 
     </span>
     <span class='ocr_line' id='line_1_23' title="bbox 111 2077 1814 2149; baseline -0.001 -19"><span class='ocrx_word' id='word_1_185' title='bbox 111 2081 358 2130; x_wconf 71' lang='lat' dir='ltr'>sumatur</span> <span class='ocrx_word' id='word_1_186' title='bbox 418 2080 588 2149; x_wconf 77' lang='lat' dir='ltr'>igitur</span> <span class='ocrx_word' id='word_1_187' title='bbox 643 2097 829 2131; x_wconf 85' lang='lat' dir='ltr'>eorum</span> <span class='ocrx_word' id='word_1_188' title='bbox 889 2079 1132 2131; x_wconf 86' lang='lat' dir='ltr'>maxima</span> <span class='ocrx_word' id='word_1_189' title='bbox 1192 2095 1448 2130; x_wconf 84' lang='lat' dir='ltr'>mensura</span> <span class='ocrx_word' id='word_1_190' title='bbox 1511 2077 1814 2130; x_wconf 81' lang='lat' dir='ltr'>eommunis</span> 
     </span>
     <span class='ocr_line' id='line_1_24' title="bbox 111 2167 1815 2237; baseline -0.001 -18"><span class='ocrx_word' id='word_1_191' title='bbox 111 2170 163 2219; x_wconf 88' lang='lat' dir='ltr'><em>E</em></span> <span class='ocrx_word' id='word_1_192' title='bbox 191 2168 365 2236; x_wconf 89' lang='lat' dir='ltr'>[prop.</span> <span class='ocrx_word' id='word_1_193' title='bbox 397 2167 491 2234; x_wconf 92' lang='lat' dir='ltr'>II].</span> <span class='ocrx_word' id='word_1_194' title='bbox 562 2171 616 2220; x_wconf 69' lang='lat' dir='ltr'>et</span> <span class='ocrx_word' id='word_1_195' title='bbox 650 2167 906 2237; x_wconf 89' lang='lat' dir='ltr'>quoniam</span> <span class='ocrx_word' id='word_1_196' title='bbox 941 2170 993 2218; x_wconf 90' lang='lat' dir='ltr'><em>E</em></span> <span class='ocrx_word' id='word_1_197' title='bbox 1021 2167 1245 2219; x_wconf 72' lang='lat' dir='ltr'>metitur</span> <span class='ocrx_word' id='word_1_198' title='bbox 1279 2170 1346 2235; x_wconf 88' lang='lat' dir='ltr'>A,</span> <span class='ocrx_word' id='word_1_199' title='bbox 1381 2169 1436 2218; x_wconf 95' lang='lat' dir='ltr'><em>A</em></span> <span class='ocrx_word' id='word_1_200' title='bbox 1447 2168 1642 2219; x_wconf 74' lang='lat' dir='ltr'>autem</span> <span class='ocrx_word' id='word_1_201' title='bbox 1670 2171 1741 2234; x_wconf 88' lang='lat' dir='ltr'>A,</span> <span class='ocrx_word' id='word_1_202' title='bbox 1767 2169 1815 2218; x_wconf 95' lang='grc' dir='ltr'>Β</span> 
     </span>
     <span class='ocr_line' id='line_1_25' title="bbox 113 2255 1816 2325; baseline -0.001 -17"><span class='ocrx_word' id='word_1_203' title='bbox 113 2257 355 2325; x_wconf 76' lang='lat' dir='ltr'>metitur,</span> <span class='ocrx_word' id='word_1_204' title='bbox 397 2257 562 2310; x_wconf 78' lang='lat' dir='ltr'>etiam</span> <span class='ocrx_word' id='word_1_205' title='bbox 602 2260 654 2308; x_wconf 93' lang='lat' dir='ltr'><em>E</em></span> <span class='ocrx_word' id='word_1_206' title='bbox 690 2257 915 2309; x_wconf 78' lang='lat' dir='ltr'>metitur</span> <span class='ocrx_word' id='word_1_207' title='bbox 951 2260 1022 2323; x_wconf 90' lang='lat' dir='ltr'>A,</span> <span class='ocrx_word' id='word_1_208' title='bbox 1055 2259 1117 2308; x_wconf 95' lang='grc' dir='ltr'>Β.</span> <span class='ocrx_word' id='word_1_209' title='bbox 1193 2273 1382 2308; x_wconf 88' lang='lat' dir='ltr'>uerum</span> <span class='ocrx_word' id='word_1_210' title='bbox 1415 2255 1581 2309; x_wconf 73' lang='lat' dir='ltr'>etiam</span> <span class='ocrx_word' id='word_1_211' title='bbox 1620 2257 1674 2308; x_wconf 93' lang='grc' dir='ltr'><em>Γ</em></span> <span class='ocrx_word' id='word_1_212' title='bbox 1708 2273 1816 2307; x_wconf 82' lang='lat' dir='ltr'>me-</span> 
     </span>
     <span class='ocr_line' id='line_1_26' title="bbox 108 2344 1815 2416; baseline -0.001 -19"><span class='ocrx_word' id='word_1_213' title='bbox 108 2345 256 2398; x_wconf 78' lang='lat' dir='ltr'>titur.</span> <span class='ocrx_word' id='word_1_214' title='bbox 335 2348 387 2397; x_wconf 88' lang='lat' dir='ltr'><strong><em>E</em></strong></span> <span class='ocrx_word' id='word_1_215' title='bbox 429 2346 598 2416; x_wconf 74' lang='lat' dir='ltr'>igitur</span> <span class='ocrx_word' id='word_1_216' title='bbox 639 2350 709 2413; x_wconf 90' lang='lat' dir='ltr'>A,</span> <span class='ocrx_word' id='word_1_217' title='bbox 742 2349 809 2415; x_wconf 88' lang='grc' dir='ltr'>Β,</span> <span class='ocrx_word' id='word_1_218' title='bbox 840 2347 894 2398; x_wconf 93' lang='grc' dir='ltr'><em>Γ</em></span> <span class='ocrx_word' id='word_1_219' title='bbox 936 2344 1172 2397; x_wconf 52' lang='lat' dir='ltr'>meritur.</span> <span class='ocrx_word' id='word_1_220' title='bbox 1259 2361 1423 2414; x_wconf 86' lang='lat' dir='ltr'>quare</span> <span class='ocrx_word' id='word_1_221' title='bbox 1472 2347 1525 2396; x_wconf 89' lang='lat' dir='ltr'><strong><em>E</em></strong></span> <span class='ocrx_word' id='word_1_222' title='bbox 1565 2361 1815 2397; x_wconf 82' lang='lat' dir='ltr'>numero-</span> 
     </span>
     <span class='ocr_line' id='line_1_27' title="bbox 109 2432 1815 2506; baseline -0.002 -19"><span class='ocrx_word' id='word_1_223' title='bbox 109 2452 230 2486; x_wconf 89' lang='lat' dir='ltr'>rum</span> <span class='ocrx_word' id='word_1_224' title='bbox 268 2439 336 2506; x_wconf 88' lang='lat' dir='ltr'>A,</span> <span class='ocrx_word' id='word_1_225' title='bbox 373 2437 439 2500; x_wconf 91' lang='lat' dir='ltr'>B,</span> <span class='ocrx_word' id='word_1_226' title='bbox 470 2436 523 2486; x_wconf 94' lang='grc' dir='ltr'><em>Γ</em></span> <span class='ocrx_word' id='word_1_227' title='bbox 556 2432 862 2487; x_wconf 82' lang='lat' dir='ltr'>communis</span> <span class='ocrx_word' id='word_1_228' title='bbox 904 2435 986 2485; x_wconf 75' lang='lat' dir='ltr'>est</span> <span class='ocrx_word' id='word_1_229' title='bbox 1019 2450 1287 2485; x_wconf 84' lang='lat' dir='ltr'>mensura.</span> <span class='ocrx_word' id='word_1_230' title='bbox 1364 2432 1476 2485; x_wconf 88' lang='lat' dir='ltr'>iam</span> <span class='ocrx_word' id='word_1_231' title='bbox 1509 2432 1650 2501; x_wconf 81' lang='lat' dir='ltr'><em>dieo,</em></span> <span class='ocrx_word' id='word_1_232' title='bbox 1691 2451 1815 2485; x_wconf 86' lang='lat' dir='ltr'>eun-</span> 
     </span>
     <span class='ocr_line' id='line_1_28' title="bbox 110 2521 1823 2590; baseline -0.001 -15"><span class='ocrx_word' id='word_1_233' title='bbox 110 2521 229 2575; x_wconf 87' lang='lat' dir='ltr'>dem</span> <span class='ocrx_word' id='word_1_234' title='bbox 277 2524 565 2575; x_wconf 84' lang='lat' dir='ltr'>maximam</span> <span class='ocrx_word' id='word_1_235' title='bbox 614 2540 746 2574; x_wconf 83' lang='lat' dir='ltr'>esse.</span> <span class='ocrx_word' id='word_1_236' title='bbox 822 2539 949 2574; x_wconf 88' lang='lat' dir='ltr'>nam</span> <span class='ocrx_word' id='word_1_237' title='bbox 1006 2522 1053 2574; x_wconf 78' lang='lat' dir='ltr'>si</span> <span class='ocrx_word' id='word_1_238' title='bbox 1092 2525 1145 2573; x_wconf 89' lang='lat' dir='ltr'><em>E</em></span> <span class='ocrx_word' id='word_1_239' title='bbox 1180 2539 1528 2575; x_wconf 88' lang='lat' dir='ltr'>numerorum</span> <span class='ocrx_word' id='word_1_240' title='bbox 1569 2526 1640 2588; x_wconf 90' lang='lat' dir='ltr'>A,</span> <span class='ocrx_word' id='word_1_241' title='bbox 1674 2525 1736 2590; x_wconf 89' lang='grc' dir='ltr'>Β,</span> <span class='ocrx_word' id='word_1_242' title='bbox 1771 2523 1823 2573; x_wconf 92' lang='grc' dir='ltr'><em>Γ</em></span> 
     </span>
    </p>
   </div>
   <div class='ocr_carea' id='block_1_3' title="bbox 729 2671 992 2676">
    <p class='ocr_par' dir='ltr' id='par_1_4' title="bbox 729 2671 992 2676">
     <span class='ocr_line' id='line_1_29' title="bbox 729 2671 992 2676; baseline 0 0"><span class='ocrx_word' id='word_1_243' title='bbox 729 2671 992 2676; x_wconf 95' lang='lat' dir='ltr'> </span> 
     </span>
    </p>
   </div>
   <div class='ocr_carea' id='block_1_4' title="bbox 112 2751 1814 2932">
    <p class='ocr_par' dir='ltr' id='par_1_5' title="bbox 112 2751 1814 2932">
     <span class='ocr_line' id='line_1_30' title="bbox 112 2751 1812 2813; baseline -0.001 -13"><span class='ocrx_word' id='word_1_244' title='bbox 112 2755 185 2800; x_wconf 77' lang='lat' dir='ltr'>bis</span> <span class='ocrx_word' id='word_1_245' title='bbox 217 2755 268 2799; x_wconf 80' lang='lat' dir='ltr'>F.</span> <span class='ocrx_word' id='word_1_246' title='bbox 391 2754 474 2799; x_wconf 76' lang='grc' dir='ltr'>καὶ</span> <span class='ocrx_word' id='word_1_247' title='bbox 507 2751 531 2799; x_wconf 84' lang='grc' dir='ltr'>ὁ</span> <span class='ocrx_word' id='word_1_248' title='bbox 564 2757 605 2798; x_wconf 92' lang='grc' dir='ltr'><strong>Ε</strong></span> <span class='ocrx_word' id='word_1_249' title='bbox 638 2751 731 2811; x_wconf 83' lang='grc' dir='ltr'>ἄρα</span> <span class='ocrx_word' id='word_1_250' title='bbox 763 2752 874 2806; x_wconf 81' lang='grc' dir='ltr'><strong><em>τοὺς</em></strong></span> <span class='ocrx_word' id='word_1_251' title='bbox 904 2758 964 2812; x_wconf 85' lang='lat' dir='ltr'>A,</span> <span class='ocrx_word' id='word_1_252' title='bbox 998 2759 1034 2799; x_wconf 93' lang='lat' dir='ltr'><em>B</em></span> <span class='ocrx_word' id='word_1_253' title='bbox 1068 2755 1254 2813; x_wconf 82' lang='grc' dir='ltr'><strong>μετρεῖ]</strong></span> <span class='ocrx_word' id='word_1_254' title='bbox 1288 2770 1381 2812; x_wconf 86' lang='lat' dir='ltr'>mg.</span> <span class='ocrx_word' id='word_1_255' title='bbox 1414 2769 1474 2802; x_wconf 85' lang='lat' dir='ltr'>m.</span> <span class='ocrx_word' id='word_1_256' title='bbox 1508 2760 1534 2798; x_wconf 81' lang='lat'><strong>2</strong></span> <span class='ocrx_word' id='word_1_257' title='bbox 1567 2754 1619 2800; x_wconf 93' lang='lat' dir='ltr'>B.</span> <span class='ocrx_word' id='word_1_258' title='bbox 1743 2760 1812 2799; x_wconf 80' lang='lat'>23.</span> 
     </span>
     <span class='ocr_line' id='line_1_31' title="bbox 116 2810 1814 2873; baseline 0 -15"><span class='ocrx_word' id='word_1_259' title='bbox 116 2814 184 2873; x_wconf 91' lang='grc' dir='ltr'>Γ]</span> <span class='ocrx_word' id='word_1_260' title='bbox 215 2814 376 2859; x_wconf 74' lang='lat' dir='ltr'>insert.</span> <span class='ocrx_word' id='word_1_261' title='bbox 408 2830 468 2858; x_wconf 92' lang='lat' dir='ltr'>m.</span> <span class='ocrx_word' id='word_1_262' title='bbox 500 2827 591 2859; x_wconf 86' lang='lat' dir='ltr'>ree.</span> <span class='ocrx_word' id='word_1_263' title='bbox 624 2814 674 2859; x_wconf 90' lang='grc' dir='ltr'>Β.</span> <span class='ocrx_word' id='word_1_264' title='bbox 814 2811 998 2873; x_wconf 77' lang='grc' dir='ltr'><strong>κοινόν]</strong></span> <span class='ocrx_word' id='word_1_265' title='bbox 1031 2813 1103 2859; x_wconf 83' lang='lat' dir='ltr'>bis</span> <span class='ocrx_word' id='word_1_266' title='bbox 1134 2815 1196 2870; x_wconf 89' lang='lat' dir='ltr'>P,</span> <span class='ocrx_word' id='word_1_267' title='bbox 1230 2813 1325 2859; x_wconf 81' lang='lat' dir='ltr'>sed.</span> <span class='ocrx_word' id='word_1_268' title='bbox 1359 2828 1476 2860; x_wconf 82' lang='lat' dir='ltr'>corr.</span> <span class='ocrx_word' id='word_1_269' title='bbox 1622 2819 1692 2858; x_wconf 79' lang='lat'>24.</span> <span class='ocrx_word' id='word_1_270' title='bbox 1726 2810 1814 2871; x_wconf 87' lang='grc' dir='ltr'>δή]</span> 
     </span>
     <span class='ocr_line' id='line_1_32' title="bbox 117 2869 800 2932; baseline 0 -14"><span class='ocrx_word' id='word_1_271' title='bbox 117 2886 207 2918; x_wconf 88' lang='grc'>0111.</span> <span class='ocrx_word' id='word_1_272' title='bbox 241 2874 291 2918; x_wconf 93' lang='lat' dir='ltr'>P.</span> <span class='ocrx_word' id='word_1_273' title='bbox 414 2878 484 2918; x_wconf 80' lang='lat'>25.</span> <span class='ocrx_word' id='word_1_274' title='bbox 518 2869 597 2932; x_wconf 89' lang='grc' dir='ltr'>τό]</span> <span class='ocrx_word' id='word_1_275' title='bbox 633 2887 721 2919; x_wconf 93' lang='lat' dir='ltr'>om.</span> <span class='ocrx_word' id='word_1_276' title='bbox 756 2889 800 2930; x_wconf 84' lang='lat' dir='ltr'>p.</span> 
     </span>
    </p>
   </div>
  </div>
 </body>
</html>
