1988 3152
191 141 300 194 172
829 140 1166 184 ΣΤΟΙΧΕΙῼΝ
1196 135 1263 183 ς’.

189 258 294 330 τὴν
342 265 479 329 ΑΕ,
528 256 707 322 οὕτως
752 256 787 328 ἡ
836 263 956 312 ΑΕ
989 255 1130 329 πρὸς
1165 255 1270 328 τὴν
1310 263 1431 312 ΕΒ.
1517 261 1717 328 μείζων
1757 256 1819 313 δὲ
1857 256 1892 328 ἡ

190 354 299 403 ΑΒ
338 349 435 418 τῆς
474 352 606 401 ΑΕ’
646 350 847 416 μείζων
886 346 997 418 ἄρα
1034 346 1126 401 καὶ
1166 345 1200 417 ἡ
1242 351 1358 400 ΑΕ
1391 347 1489 417 τῆς
1527 351 1647 401 ΕΒ.

295 435 372 490 Ἡ
411 435 520 507 ἄρα
566 440 676 490 ΑΒ
732 431 930 490 εὐθεῖα
986 433 1162 505 ἄκρον
1215 434 1308 489 καὶ
1365 435 1539 505 μέσον
1594 433 1768 505 λόγον
1819 435 1896 489 τέ-

190 544 387 594 τμηται
433 522 571 578 κατὰ
618 521 682 578 τὸ
735 529 810 593 Ε,
856 523 949 578 καὶ
996 521 1060 579 τὸ
1108 527 1295 594 μεῖζον
1345 521 1519 593 αὐτῆς
1543 522 1743 595 ’τμῆμά
1783 525 1898 579 ἐστι

134 623 159 662 5
192 610 254 668 τὸ
295 618 430 667 ΑΕ·
488 609 623 684 ὅπερ
666 615 781 667 ἔδει
820 614 1067 682 ποιῆσαι.

990 772 1099 828 λα’.

300 874 402 932 Ἐν
441 886 582 941 τοῖς
622 875 1074 947 ὀρθογωνίοις
1110 874 1470 947 τριγώνοις
1507 874 1580 931 τὸ
1622 873 1746 932 ἀπὸ
1788 879 1901 948 τῆς
1971 851 1988 931 ,3

191 963 309 1036 τὴν
345 963 560 1037 ὀρθὴν
591 967 844 1035 γωνίαν
876 961 1368 1035 ὑποτεινούσης
1399 968 1688 1035 πλευρᾶς
1720 963 1901 1031 εἶδος

194 1061 345 1110 ἴσον
386 1053 523 1109 ἐστὶ
563 1063 705 1118 τοῖς
744 1051 870 1108 ἀπὸ
910 1055 1038 1108 τῶν
1076 1050 1195 1124 τὴν
1238 1050 1456 1126 ὀρθὴν
1495 1058 1751 1123 γωνίαν
1790 1074 1900 1108 πε·
1968 1074 1970 1077 ’

105 1159 159 1200 10
193 1145 566 1215 ριεχουσῶν
605 1144 909 1214 πλευρῶν
948 1144 1158 1197 εἴδεσι
1198 1151 1337 1206 τοῖς
1377 1140 1644 1212 ὁμοίοις
1678 1162 1743 1197 τε
1786 1141 1896 1197 καὶ
1947 1134 1950 1135 ’

194 1231 442 1303 ὁμοίως
481 1229 1082 1302 ἀναγραφομένοις.

272 1309 472 1376 ”Ἐστω
513 1324 793 1392 τρίγωνον
834 1317 1197 1390 ὀρθογώνιον
1236 1317 1300 1374 τὸ
1343 1323 1518 1374 ΑΒΓ
1550 1315 1736 1389 ὀρθὴν
1770 1321 1900 1389 ἔχον
1965 1345 1988 1379 g,

192 1407 295 1480 τὴν
350 1407 462 1464 υπὸ
518 1413 687 1464 ΒΑΓ
724 1411 962 1479 γωνίαν·
1031 1407 1201 1479 λέγω,
1252 1406 1338 1463 ὅτι
1387 1406 1449 1463 τὸ
1500 1405 1607 1462 ἀπὸ
1654 1408 1752 1477 τῆς
1798 1410 1907 1461 ΒΓ
1965 1454 1966 1458 ,

193 1495 343 1563 εἶδος
392 1503 519 1552 ἴσον
567 1496 683 1553 ἐστὶ
728 1506 845 1562 τοῖς
896 1492 1006 1551 ἀπὸ
1063 1497 1177 1551 τῶν
1224 1500 1355 1566 BA,
1397 1499 1512 1550 ΑΓ
1559 1498 1731 1550 εἴδεσι
1785 1505 1902 1560 τοῖς
1965 1487 1967 1493 ’

110 1601 163 1642 15
200 1585 420 1658 ὁμοίοις
457 1605 515 1641 τε
553 1585 647 1640 καὶ
689 1583 896 1656 ὁμοίως
935 1581 1442 1654 ἀναγραφομένοις.

295 1674 490 1746 “Ηχθω
531 1672 772 1739 κάθετος
810 1671 845 1743 ἡ
887 1678 1017 1727 ΑΔ.
1969 1690 1988 1757 5

305 1760 454 1818 Ἐπεὶ
510 1754 615 1818 οὖν
664 1763 726 1817 ἐν
779 1757 1114 1835 ὀρθογωνίω
1162 1757 1417 1834 τριγώνῳ
1469 1761 1544 1834 τῷ
1586 1763 1757 1814 ΑΒΓ
1789 1755 1897 1815 ἀπὸ
1965 1762 1988 1842 ²¹-

195 1854 291 1923 τῆς
343 1849 487 1923 πρὸς
538 1852 615 1925 τῷ
671 1856 725 1905 A
780 1847 960 1921 ὀρθῆς
1012 1851 1222 1920 γωνίας
1275 1846 1364 1903 ἐπὶ
1417 1844 1521 1918 τὴν
1574 1851 1683 1902 ΒΓ
1730 1845 1901 1917 βάσιν

195 1940 435 2006 κάθετος
482 1932 643 2011 ἦκται
690 1960 724 2009 η
774 1943 916 2007 AA,
956 1935 1023 1991 τὰ
1063 1942 1266 2007 ΑΒΔ,
1298 1939 1480 1991 ΑΔΓ
1518 1934 1657 2008 πρὸς
1701 1938 1768 2009 τῇ
1807 1957 1899 1991 κα·
1962 1895 1988 2202 t

1963 2197 1979 2270 ξ

1939 2280 1978 2480 ἱ

81 2023 163 2085 ’20
195 2029 343 2104 θέτω
399 2032 646 2101 τρίγωνα
701 2025 868 2098 ομοιά
917 2027 1032 2081 ἐστι
1078 2027 1154 2100 τῷ
1203 2046 1262 2081 τε
1309 2022 1422 2080 ὅλω
1473 2026 1549 2099 τῷ
1595 2027 1768 2079 ΑΒΓ
1806 2024 1900 2080 καὶ

195 2115 475 2188 αλλήλοις.
558 2116 652 2172 καὶ
709 2114 824 2172 ἐπεὶ
873 2112 1074 2187 ὅμοιόν
1122 2115 1237 2170 ἐστι
1290 2110 1354 2169 τὸ
1403 2116 1576 2168 ΑΒΓ
1597 2115 1674 2188 τῷ
1705 2118 1898 2183 ΑΒΔ,

196 2209 347 2261 ἔστιν
402 2227 513 2278 αρα
567 2203 644 2271 ὥς
697 2201 731 2277 ἡ
788 2208 890 2260 ΓΒ
946 2201 1086 2276 πρὸς
1134 2200 1238 2274 τὴν
1284 2207 1421 2272 BA,
1480 2201 1657 2267 οὕτως
1706 2201 1741 2273 ἡ
1789 2205 1900 2257 ΑΒ

195 2293 334 2366 πρὸς
378 2292 482 2365 τὴν
521 2299 651 2350 BA.
729 2292 823 2349 καὶ
875 2291 991 2349 ἐπεὶ
1038 2301 1185 2364 τρεῖς
1232 2288 1452 2346 εὐθεῖαι
1499 2287 1787 2361 ἀνάλογόν
1827 2293 1899 2346 εί-

198 2399 315 2453 σιν,
365 2386 515 2438 ἔστιν
564 2379 638 2448 ὥς
683 2379 718 2453 ἡ
767 2379 957 2452 πρώτη
1004 2378 1146 2487 πρὸς
1190 2377 1293 2451 τὴν
1339 2382 1556 2451 τρίτην,
1607 2376 1788 2445 οὕτως
1831 2377 1894 2435 τὸ

108 2487 165 2528 25
197 2470 307 2528 ἀπὸ
356 2473 453 2541 τῆς
498 2469 719 2542 πρώτης
765 2467 914 2535 εἶδος
959 2468 1098 2542 πρὸς
1134 2466 1197 2524 τὸ
1238 2464 1348 2523 ἀπὸ
1387 2470 1486 2538 τῆς
1532 2468 1795 2537 δευτέρας
1833 2465 1894 2522 τὸ

200 2580 399 2631 ομοιον
447 2558 539 2614 καὶ
595 2556 801 2631 ὁμοίως
853 2555 1343 2631 αναγραφόμενον.
1423 2579 1498 2622 ως
1551 2554 1661 2629 ἄρα
1710 2555 1744 2627 ἡ
1794 2559 1895 2611 ΓΒ
1951 2554 1973 2626 ‘js

319 2691 486 2737 XXXI.
518 2692 711 2736 Proelus
743 2697 933 2749 p.426,
969 2697 1038 2735 14.

324 2816 365 2855 4.
399 2807 550 2869 κατά]
583 2826 645 2854 κα
676 2825 721 2868 p.
831 2810 913 2855 καὶ
944 2806 1025 2867 τό]
1059 2810 1145 2854 καί
1170 2824 1217 2866 p.
1279 2803 1405 2853 ἐστιν
1436 2806 1493 2863 Ρ,
1527 2821 1678 2864 comp.
1710 2823 1754 2877 p.
1853 2810 1896 2851 5.

199 2869 282 2940 τό]
315 2867 344 2927 ἡ
378 2871 427 2915 P.
501 2868 722 2926 Sequitur
753 2868 849 2914 alia
880 2869 1239 2923 demonstratio,
1271 2882 1316 2912 u.
1349 2881 1454 2925 app.
1595 2873 1635 2912 6.
1666 2870 1725 2911 λα
1735 2862 1768 2924 ’]
1800 2878 1896 2910 non

200 2930 352 2988 liquet
381 2929 430 2973 in
462 2929 522 2984 F,
563 2942 653 2976 om.
685 2943 730 2985 Ρ.
885 2933 955 2974 10.
997 2929 1172 2972 εἴδεσιν
1202 2927 1299 2971 ΡΒ.
1451 2926 1531 2985 τε]
1571 2939 1660 2970 om.
1703 2924 1893 2981 BFVp.
