<?xml version="1.0" encoding="UTF-8"?>
<!DOCTYPE html PUBLIC "-//W3C//DTD XHTML 1.0 Transitional//EN"
    "http://www.w3.org/TR/xhtml1/DTD/xhtml1-transitional.dtd">
<html xmlns="http://www.w3.org/1999/xhtml" xml:lang="en" lang="en">
 <head>
  <title>
</title>
<meta http-equiv="Content-Type" content="text/html;charset=utf-8" />
  <meta name='ocr-system' content='tesseract 3.04.00' />
  <meta name='ocr-capabilities' content='ocr_page ocr_carea ocr_par ocr_line ocrx_word'/>
</head>
<body>
  <div class='ocr_page' id='page_1' title='image "./euclidisoperaomn02eucluoft_0248.png"; bbox 0 0 1988 3152; ppageno 0'>
   <div class='ocr_carea' id='block_1_1' title="bbox 204 145 1261 202">
    <p class='ocr_par' dir='ltr' id='par_1_1' title="bbox 204 145 1261 202">
     <span class='ocr_line' id='line_1_1' title="bbox 204 145 1261 202; baseline -0.001 -7"><span class='ocrx_word' id='word_1_1' title='bbox 204 148 314 201; x_wconf 83' lang='lat'><em>222</em></span> <span class='ocrx_word' id='word_1_2' title='bbox 833 147 1171 191; x_wconf 68' lang='grc' dir='ltr'>ΣΤοΙΧΕῙΩΝ</span> <span class='ocrx_word' id='word_1_3' title='bbox 1203 145 1261 202; x_wconf 70' lang='grc' dir='ltr'><em>ζ’.</em></span> 
     </span>
    </p>
   </div>
   <div class='ocr_carea' id='block_1_2' title="bbox 139 264 1902 955">
    <p class='ocr_par' dir='ltr' id='par_1_2' title="bbox 200 264 1902 602">
     <span class='ocr_line' id='line_1_2' title="bbox 201 264 1902 338; baseline -0.001 -16"><span class='ocrx_word' id='word_1_4' title='bbox 201 269 315 322; x_wconf 77' lang='grc' dir='ltr'><em>τῶν</em></span> <span class='ocrx_word' id='word_1_5' title='bbox 355 264 686 338; x_wconf 74' lang='grc' dir='ltr'><em>ἡγουμένων</em></span> <span class='ocrx_word' id='word_1_6' title='bbox 726 264 867 337; x_wconf 88' lang='grc' dir='ltr'><em>πρὸς</em></span> <span class='ocrx_word' id='word_1_7' title='bbox 897 266 999 320; x_wconf 80' lang='grc' dir='ltr'><em>ἕνα</em></span> <span class='ocrx_word' id='word_1_8' title='bbox 1029 268 1144 321; x_wconf 76' lang='grc' dir='ltr'><em>τῶν</em></span> <span class='ocrx_word' id='word_1_9' title='bbox 1176 265 1482 337; x_wconf 81' lang='grc' dir='ltr'><em>ἑπομένων,</em></span> <span class='ocrx_word' id='word_1_10' title='bbox 1523 265 1701 330; x_wconf 75' lang='grc' dir='ltr'><em>οὕτως</em></span> <span class='ocrx_word' id='word_1_11' title='bbox 1732 265 1902 320; x_wconf 76' lang='grc' dir='ltr'><em>ἅπαν-</em></span> 
     </span>
     <span class='ocr_line' id='line_1_3' title="bbox 200 351 1901 426; baseline -0.001 -16"><span class='ocrx_word' id='word_1_12' title='bbox 200 376 288 421; x_wconf 91' lang='grc' dir='ltr'><em>τες</em></span> <span class='ocrx_word' id='word_1_13' title='bbox 327 357 387 410; x_wconf 76' lang='grc' dir='ltr'><em>οἱ</em></span> <span class='ocrx_word' id='word_1_14' title='bbox 422 351 730 425; x_wconf 77' lang='grc' dir='ltr'><em>ἡγούμενοι</em></span> <span class='ocrx_word' id='word_1_15' title='bbox 760 351 900 426; x_wconf 88' lang='grc' dir='ltr'><em>πρὸς</em></span> <span class='ocrx_word' id='word_1_16' title='bbox 930 351 1177 419; x_wconf 80' lang='grc' dir='ltr'><em>ἅπαντας</em></span> <span class='ocrx_word' id='word_1_17' title='bbox 1207 351 1339 419; x_wconf 80' lang='grc' dir='ltr'><em>τοὺς</em></span> <span class='ocrx_word' id='word_1_18' title='bbox 1371 353 1698 424; x_wconf 83' lang='grc' dir='ltr'><em>ἑπομένους·</em></span> <span class='ocrx_word' id='word_1_19' title='bbox 1750 357 1901 409; x_wconf 81' lang='grc' dir='ltr'><em>ἔστιν</em></span> 
     </span>
     <span class='ocr_line' id='line_1_4' title="bbox 201 439 1900 515; baseline 0 -18"><span class='ocrx_word' id='word_1_20' title='bbox 201 443 311 515; x_wconf 75' lang='grc' dir='ltr'><em>ἄρα</em></span> <span class='ocrx_word' id='word_1_21' title='bbox 358 439 431 507; x_wconf 79' lang='grc' dir='ltr'><em>ὡς</em></span> <span class='ocrx_word' id='word_1_22' title='bbox 479 439 512 512; x_wconf 81' lang='grc' dir='ltr'>ἡ</span> <span class='ocrx_word' id='word_1_23' title='bbox 555 446 680 496; x_wconf 92' lang='grc' dir='ltr'><em>ΒΗ</em></span> <span class='ocrx_word' id='word_1_24' title='bbox 710 439 887 513; x_wconf 79' lang='grc' dir='ltr'><em>μονὰς</em></span> <span class='ocrx_word' id='word_1_25' title='bbox 925 440 1066 515; x_wconf 90' lang='grc' dir='ltr'><em>πρὸς</em></span> <span class='ocrx_word' id='word_1_26' title='bbox 1103 439 1203 497; x_wconf 90' lang='grc' dir='ltr'><em>τὸν</em></span> <span class='ocrx_word' id='word_1_27' title='bbox 1244 447 1355 496; x_wconf 88' lang='grc' dir='ltr'><em>ΕΚ</em></span> <span class='ocrx_word' id='word_1_28' title='bbox 1395 439 1672 513; x_wconf 77' lang='grc' dir='ltr'><em>ἀριθμόν,</em></span> <span class='ocrx_word' id='word_1_29' title='bbox 1722 439 1900 507; x_wconf 82' lang='grc' dir='ltr'><em>οὕτως</em></span> 
     </span>
     <span class='ocr_line' id='line_1_5' title="bbox 201 526 1898 602; baseline -0.001 -16"><span class='ocrx_word' id='word_1_30' title='bbox 201 529 230 586; x_wconf 97' lang='lat'><em>6</em></span> <span class='ocrx_word' id='word_1_31' title='bbox 272 535 383 585; x_wconf 91' lang='grc' dir='ltr'><em>ΒΓ</em></span> <span class='ocrx_word' id='word_1_32' title='bbox 414 526 553 601; x_wconf 84' lang='grc' dir='ltr'><em>πρὸς</em></span> <span class='ocrx_word' id='word_1_33' title='bbox 590 528 696 584; x_wconf 91' lang='grc' dir='ltr'><em>τὸν</em></span> <span class='ocrx_word' id='word_1_34' title='bbox 734 535 853 586; x_wconf 89' lang='grc' dir='ltr'><em>ΕΖ.</em></span> <span class='ocrx_word' id='word_1_35' title='bbox 932 537 1023 601; x_wconf 81' lang='grc' dir='ltr'><em>ἴση</em></span> <span class='ocrx_word' id='word_1_36' title='bbox 1066 529 1130 585; x_wconf 75' lang='grc' dir='ltr'><em>δὲ</em></span> <span class='ocrx_word' id='word_1_37' title='bbox 1168 527 1202 600; x_wconf 83' lang='grc' dir='ltr'><em>ἡ</em></span> <span class='ocrx_word' id='word_1_38' title='bbox 1244 534 1367 584; x_wconf 92' lang='grc' dir='ltr'><em>ΒΗ</em></span> <span class='ocrx_word' id='word_1_39' title='bbox 1399 527 1573 600; x_wconf 80' lang='grc' dir='ltr'><em>μονὰς</em></span> <span class='ocrx_word' id='word_1_40' title='bbox 1610 533 1675 602; x_wconf 81' lang='grc' dir='ltr'><em>τῇ</em></span> <span class='ocrx_word' id='word_1_41' title='bbox 1712 538 1764 584; x_wconf 89' lang='grc' dir='ltr'><em>Α</em></span> <span class='ocrx_word' id='word_1_42' title='bbox 1805 551 1898 601; x_wconf 90' lang='grc' dir='ltr'><em>μο-</em></span> 
     </span>
    </p>

    <p class='ocr_par' dir='ltr' id='par_1_3' title="bbox 139 615 1902 955">
     <span class='ocr_line' id='line_1_6' title="bbox 139 615 1902 693; baseline -0.001 -19"><span class='ocrx_word' id='word_1_43' title='bbox 139 641 164 680; x_wconf 87' lang='lat'>5</span> <span class='ocrx_word' id='word_1_44' title='bbox 198 618 350 689; x_wconf 89' lang='grc' dir='ltr'><em>νάδι,</em></span> <span class='ocrx_word' id='word_1_45' title='bbox 391 615 420 674; x_wconf 92' lang='lat'><em>6</em></span> <span class='ocrx_word' id='word_1_46' title='bbox 463 616 527 673; x_wconf 76' lang='grc' dir='ltr'><em>δὲ</em></span> <span class='ocrx_word' id='word_1_47' title='bbox 556 623 674 673; x_wconf 89' lang='grc' dir='ltr'><em>ΕΚ</em></span> <span class='ocrx_word' id='word_1_48' title='bbox 711 615 955 690; x_wconf 75' lang='grc' dir='ltr'><em>ἀριθμὸς</em></span> <span class='ocrx_word' id='word_1_49' title='bbox 991 620 1067 692; x_wconf 79' lang='grc' dir='ltr'><em>τῷ</em></span> <span class='ocrx_word' id='word_1_50' title='bbox 1102 624 1157 672; x_wconf 93' lang='lat' dir='ltr'><em>A</em></span> <span class='ocrx_word' id='word_1_51' title='bbox 1196 615 1438 693; x_wconf 78' lang='grc' dir='ltr'><em>ἀριθμῷ.</em></span> <span class='ocrx_word' id='word_1_52' title='bbox 1500 621 1651 673; x_wconf 81' lang='grc' dir='ltr'><em>ἔστιν</em></span> <span class='ocrx_word' id='word_1_53' title='bbox 1683 616 1791 690; x_wconf 79' lang='grc' dir='ltr'><em>ἄρα</em></span> <span class='ocrx_word' id='word_1_54' title='bbox 1826 615 1902 683; x_wconf 73' lang='grc' dir='ltr'><em>ὡς</em></span> 
     </span>
     <span class='ocr_line' id='line_1_7' title="bbox 198 703 1901 778; baseline -0.001 -16"><span class='ocrx_word' id='word_1_55' title='bbox 198 704 232 777; x_wconf 85' lang='grc' dir='ltr'><em>ἡ</em></span> <span class='ocrx_word' id='word_1_56' title='bbox 273 713 327 762; x_wconf 95' lang='grc' dir='ltr'><em>Α</em></span> <span class='ocrx_word' id='word_1_57' title='bbox 366 703 543 777; x_wconf 79' lang='grc' dir='ltr'><em>μονὰς</em></span> <span class='ocrx_word' id='word_1_58' title='bbox 586 705 727 778; x_wconf 90' lang='grc' dir='ltr'><em>πρὸς</em></span> <span class='ocrx_word' id='word_1_59' title='bbox 772 705 873 762; x_wconf 87' lang='grc' dir='ltr'><em>τὸν</em></span> <span class='ocrx_word' id='word_1_60' title='bbox 915 713 970 762; x_wconf 95' lang='lat' dir='ltr'><em>A</em></span> <span class='ocrx_word' id='word_1_61' title='bbox 1009 704 1285 778; x_wconf 83' lang='grc' dir='ltr'><em>ἀριθμόν,</em></span> <span class='ocrx_word' id='word_1_62' title='bbox 1335 706 1511 770; x_wconf 79' lang='grc' dir='ltr'><em>οὕτως</em></span> <span class='ocrx_word' id='word_1_63' title='bbox 1550 703 1578 760; x_wconf 93' lang='lat'><em>6</em></span> <span class='ocrx_word' id='word_1_64' title='bbox 1619 711 1730 760; x_wconf 92' lang='grc' dir='ltr'><em>ΒΓ</em></span> <span class='ocrx_word' id='word_1_65' title='bbox 1761 705 1901 776; x_wconf 89' lang='grc' dir='ltr'><em>πρὸς</em></span> 
     </span>
     <span class='ocr_line' id='line_1_8' title="bbox 198 791 1898 867; baseline -0.001 -17"><span class='ocrx_word' id='word_1_66' title='bbox 198 793 298 850; x_wconf 88' lang='grc' dir='ltr'><em>τὸν</em></span> <span class='ocrx_word' id='word_1_67' title='bbox 339 800 458 850; x_wconf 90' lang='grc' dir='ltr'><em>ΕΖ.</em></span> <span class='ocrx_word' id='word_1_68' title='bbox 524 794 705 860; x_wconf 82' lang='grc' dir='ltr'><em>ἰσάκις</em></span> <span class='ocrx_word' id='word_1_69' title='bbox 753 793 862 867; x_wconf 77' lang='grc' dir='ltr'><em>ἄρα</em></span> <span class='ocrx_word' id='word_1_70' title='bbox 902 792 935 865; x_wconf 84' lang='grc' dir='ltr'>ἡ</span> <span class='ocrx_word' id='word_1_71' title='bbox 977 802 1029 850; x_wconf 97' lang='lat' dir='ltr'><em>A</em></span> <span class='ocrx_word' id='word_1_72' title='bbox 1068 793 1244 866; x_wconf 86' lang='grc' dir='ltr'><em>μονὰς</em></span> <span class='ocrx_word' id='word_1_73' title='bbox 1282 792 1383 849; x_wconf 86' lang='grc' dir='ltr'><em>τὸν</em></span> <span class='ocrx_word' id='word_1_74' title='bbox 1430 800 1479 848; x_wconf 98' lang='lat' dir='ltr'><em>A</em></span> <span class='ocrx_word' id='word_1_75' title='bbox 1520 791 1769 866; x_wconf 79' lang='grc' dir='ltr'><em>ἀριθμὸν</em></span> <span class='ocrx_word' id='word_1_76' title='bbox 1810 816 1898 865; x_wconf 92' lang='grc' dir='ltr'><em>με-</em></span> 
     </span>
     <span class='ocr_line' id='line_1_9' title="bbox 197 881 1552 955; baseline -0.001 -17"><span class='ocrx_word' id='word_1_77' title='bbox 197 894 320 955; x_wconf 99' lang='grc' dir='ltr'><em>τρεῖ</em></span> <span class='ocrx_word' id='word_1_78' title='bbox 354 883 446 938; x_wconf 87' lang='grc' dir='ltr'><em>καὶ</em></span> <span class='ocrx_word' id='word_1_79' title='bbox 489 881 518 939; x_wconf 86' lang='grc' dir='ltr'>ὁ</span> <span class='ocrx_word' id='word_1_80' title='bbox 560 889 672 939; x_wconf 94' lang='grc' dir='ltr'><em>ΒΓ</em></span> <span class='ocrx_word' id='word_1_81' title='bbox 702 882 801 939; x_wconf 91' lang='grc' dir='ltr'><em>τὸν</em></span> <span class='ocrx_word' id='word_1_82' title='bbox 843 889 968 938; x_wconf 91' lang='grc' dir='ltr'><em>ΕΖ·</em></span> <span class='ocrx_word' id='word_1_83' title='bbox 1033 882 1168 954; x_wconf 82' lang='grc' dir='ltr'><em>ὅπερ</em></span> <span class='ocrx_word' id='word_1_84' title='bbox 1209 886 1322 938; x_wconf 82' lang='grc' dir='ltr'><em>ἔδει</em></span> <span class='ocrx_word' id='word_1_85' title='bbox 1363 883 1552 949; x_wconf 83' lang='grc' dir='ltr'><em>δεῖξαι.</em></span> 
     </span>
    </p>
   </div>
   <div class='ocr_carea' id='block_1_3' title="bbox 105 1030 1923 2800">
    <p class='ocr_par' dir='ltr' id='par_1_4' title="bbox 999 1030 1102 1089">
     <span class='ocr_line' id='line_1_10' title="bbox 999 1030 1102 1089; baseline 0 -2"><span class='ocrx_word' id='word_1_86' title='bbox 999 1030 1102 1089; x_wconf 83' lang='grc' dir='ltr'><em>ις’.</em></span> 
     </span>
    </p>

    <p class='ocr_par' dir='ltr' id='par_1_5' title="bbox 111 1130 1901 1382">
     <span class='ocr_line' id='line_1_11' title="bbox 111 1130 1901 1206; baseline -0.002 -16"><span class='ocrx_word' id='word_1_87' title='bbox 111 1156 166 1195; x_wconf 92' lang='lat'><em>10</em></span> <span class='ocrx_word' id='word_1_88' title='bbox 315 1132 454 1190; x_wconf 81' lang='grc' dir='ltr'><em>Εάν</em></span> <span class='ocrx_word' id='word_1_89' title='bbox 496 1133 614 1190; x_wconf 86' lang='grc' dir='ltr'><em>δύο</em></span> <span class='ocrx_word' id='word_1_90' title='bbox 657 1131 941 1206; x_wconf 82' lang='grc' dir='ltr'><em>ἀριθμοὶ</em></span> <span class='ocrx_word' id='word_1_91' title='bbox 972 1132 1676 1197; x_wconf 81' lang='grc' dir='ltr'><em>πολλαπλασιάσαντες</em></span> <span class='ocrx_word' id='word_1_92' title='bbox 1707 1130 1901 1202; x_wconf 80' lang='grc' dir='ltr'><em>ἀλλή-</em></span> 
     </span>
     <span class='ocr_line' id='line_1_12' title="bbox 196 1217 1898 1293; baseline -0.002 -16"><span class='ocrx_word' id='word_1_93' title='bbox 196 1228 351 1287; x_wconf 86' lang='grc' dir='ltr'><em>λους</em></span> <span class='ocrx_word' id='word_1_94' title='bbox 389 1225 634 1278; x_wconf 76' lang='grc' dir='ltr'><em>ποιῶσί</em></span> <span class='ocrx_word' id='word_1_95' title='bbox 666 1244 876 1291; x_wconf 87' lang='grc' dir='ltr'><em>τινας,</em></span> <span class='ocrx_word' id='word_1_96' title='bbox 918 1224 983 1278; x_wconf 77' lang='lat' dir='ltr'><em>oc</em></span> <span class='ocrx_word' id='word_1_97' title='bbox 1018 1221 1374 1293; x_wconf 80' lang='grc' dir='ltr'><em>γενόμενοι</em></span> <span class='ocrx_word' id='word_1_98' title='bbox 1416 1222 1477 1287; x_wconf 82' lang='grc' dir='ltr'><em>ἐξ,</em></span> <span class='ocrx_word' id='word_1_99' title='bbox 1510 1217 1726 1275; x_wconf 80' lang='grc' dir='ltr'><em>αὐτῶν</em></span> <span class='ocrx_word' id='word_1_100' title='bbox 1761 1227 1898 1275; x_wconf 79' lang='grc' dir='ltr'><em>ἴσοι</em></span> 
     </span>
     <span class='ocr_line' id='line_1_13' title="bbox 197 1308 840 1382; baseline 0 -16"><span class='ocrx_word' id='word_1_101' title='bbox 197 1308 512 1382; x_wconf 83' lang='grc' dir='ltr'><em>ἀλλήλοις</em></span> <span class='ocrx_word' id='word_1_102' title='bbox 553 1315 840 1368; x_wconf 83' lang='grc' dir='ltr'><em>ἔσονται.</em></span> 
     </span>
    </p>

    <p class='ocr_par' dir='ltr' id='par_1_6' title="bbox 196 1396 1899 1558">
     <span class='ocr_line' id='line_1_14' title="bbox 293 1396 1899 1472; baseline -0.001 -17"><span class='ocrx_word' id='word_1_103' title='bbox 293 1398 587 1455; x_wconf 70' lang='grc' dir='ltr'><em>’Ἑστωσαν</em></span> <span class='ocrx_word' id='word_1_104' title='bbox 627 1398 732 1455; x_wconf 85' lang='grc' dir='ltr'><em>δύο</em></span> <span class='ocrx_word' id='word_1_105' title='bbox 776 1397 1014 1472; x_wconf 79' lang='grc' dir='ltr'><em>ἀριθμοὶ</em></span> <span class='ocrx_word' id='word_1_106' title='bbox 1055 1401 1113 1454; x_wconf 82' lang='grc' dir='ltr'><em>οἱ</em></span> <span class='ocrx_word' id='word_1_107' title='bbox 1148 1406 1219 1469; x_wconf 85' lang='grc' dir='ltr'><em>Α,</em></span> <span class='ocrx_word' id='word_1_108' title='bbox 1259 1404 1326 1469; x_wconf 84' lang='grc' dir='ltr'><em>Β,</em></span> <span class='ocrx_word' id='word_1_109' title='bbox 1365 1398 1459 1453; x_wconf 86' lang='grc' dir='ltr'><em>καὶ</em></span> <span class='ocrx_word' id='word_1_110' title='bbox 1499 1396 1528 1454; x_wconf 91' lang='lat'><em>6</em></span> <span class='ocrx_word' id='word_1_111' title='bbox 1569 1398 1673 1470; x_wconf 77' lang='grc' dir='ltr'><em>μὲν</em></span> <span class='ocrx_word' id='word_1_112' title='bbox 1706 1405 1759 1453; x_wconf 90' lang='lat' dir='ltr'><em>A</em></span> <span class='ocrx_word' id='word_1_113' title='bbox 1797 1397 1899 1453; x_wconf 89' lang='grc' dir='ltr'><em>τὸν</em></span> 
     </span>
     <span class='ocr_line' id='line_1_15' title="bbox 196 1484 1899 1558; baseline -0.002 -15"><span class='ocrx_word' id='word_1_114' title='bbox 196 1493 244 1543; x_wconf 95' lang='grc' dir='ltr'>Β</span> <span class='ocrx_word' id='word_1_115' title='bbox 275 1487 766 1554; x_wconf 80' lang='grc' dir='ltr'><em>πολλαπλασιάσας</em></span> <span class='ocrx_word' id='word_1_116' title='bbox 797 1486 898 1543; x_wconf 89' lang='grc' dir='ltr'><em>τὸν</em></span> <span class='ocrx_word' id='word_1_117' title='bbox 922 1492 975 1543; x_wconf 94' lang='grc' dir='ltr'><strong>Γ</strong></span> <span class='ocrx_word' id='word_1_118' title='bbox 1000 1491 1242 1558; x_wconf 80' lang='grc' dir='ltr'><em>ποιείτω,</em></span> <span class='ocrx_word' id='word_1_119' title='bbox 1278 1484 1307 1542; x_wconf 90' lang='lat'><em>6</em></span> <span class='ocrx_word' id='word_1_120' title='bbox 1336 1486 1398 1542; x_wconf 77' lang='grc' dir='ltr'><em>δὲ</em></span> <span class='ocrx_word' id='word_1_121' title='bbox 1422 1492 1469 1541; x_wconf 94' lang='grc' dir='ltr'>Β</span> <span class='ocrx_word' id='word_1_122' title='bbox 1496 1484 1596 1542; x_wconf 86' lang='grc' dir='ltr'><em>τὸν</em></span> <span class='ocrx_word' id='word_1_123' title='bbox 1622 1493 1675 1541; x_wconf 91' lang='grc' dir='ltr'><em>Α</em></span> <span class='ocrx_word' id='word_1_124' title='bbox 1697 1491 1899 1541; x_wconf 88' lang='grc' dir='ltr'><em>πολλα-</em></span> 
     </span>
    </p>

    <p class='ocr_par' dir='ltr' id='par_1_7' title="bbox 110 1570 1904 1740">
     <span class='ocr_line' id='line_1_16' title="bbox 110 1570 1904 1646; baseline -0.002 -14"><span class='ocrx_word' id='word_1_125' title='bbox 110 1599 163 1639; x_wconf 86' lang='lat'><em>15</em></span> <span class='ocrx_word' id='word_1_126' title='bbox 196 1575 508 1642; x_wconf 88' lang='grc' dir='ltr'><em>πλασιάσας</em></span> <span class='ocrx_word' id='word_1_127' title='bbox 547 1575 645 1632; x_wconf 89' lang='grc' dir='ltr'><em>τὸν</em></span> <span class='ocrx_word' id='word_1_128' title='bbox 686 1582 741 1631; x_wconf 92' lang='lat' dir='ltr'><em>A</em></span> <span class='ocrx_word' id='word_1_129' title='bbox 779 1579 1028 1631; x_wconf 83' lang='grc' dir='ltr'><em>ποιείτω·</em></span> <span class='ocrx_word' id='word_1_130' title='bbox 1082 1576 1252 1646; x_wconf 79' lang='grc' dir='ltr'><em>λέγω,</em></span> <span class='ocrx_word' id='word_1_131' title='bbox 1302 1572 1388 1630; x_wconf 81' lang='grc' dir='ltr'><em>ὅτι</em></span> <span class='ocrx_word' id='word_1_132' title='bbox 1429 1570 1550 1639; x_wconf 76' lang='grc' dir='ltr'><em>ἴσος</em></span> <span class='ocrx_word' id='word_1_133' title='bbox 1589 1574 1740 1630; x_wconf 83' lang='grc' dir='ltr'><em>ἐστὶν</em></span> <span class='ocrx_word' id='word_1_134' title='bbox 1782 1571 1810 1629; x_wconf 92' lang='lat'><em>6</em></span> <span class='ocrx_word' id='word_1_135' title='bbox 1852 1579 1904 1629; x_wconf 93' lang='grc' dir='ltr'><strong><em>Γ</em></strong></span> 
     </span>
     <span class='ocr_line' id='line_1_17' title="bbox 195 1668 383 1740; baseline 0.005 -21"><span class='ocrx_word' id='word_1_136' title='bbox 195 1668 271 1740; x_wconf 76' lang='grc' dir='ltr'><em>τῷ</em></span> <span class='ocrx_word' id='word_1_137' title='bbox 313 1671 383 1720; x_wconf 93' lang='lat' dir='ltr'><em>A.</em></span> 
     </span>
    </p>

    <p class='ocr_par' dir='ltr' id='par_1_8' title="bbox 195 1749 1899 2004">
     <span class='ocr_line' id='line_1_18' title="bbox 302 1749 1898 1827; baseline -0.001 -18"><span class='ocrx_word' id='word_1_138' title='bbox 302 1751 453 1809; x_wconf 85' lang='grc' dir='ltr'><em>Ἐπεὶ</em></span> <span class='ocrx_word' id='word_1_139' title='bbox 497 1752 604 1827; x_wconf 75' lang='grc' dir='ltr'><em>γὰρ</em></span> <span class='ocrx_word' id='word_1_140' title='bbox 653 1751 682 1809; x_wconf 92' lang='lat'><em>6</em></span> <span class='ocrx_word' id='word_1_141' title='bbox 726 1761 779 1808; x_wconf 93' lang='lat' dir='ltr'><em>A</em></span> <span class='ocrx_word' id='word_1_142' title='bbox 823 1752 926 1808; x_wconf 87' lang='grc' dir='ltr'><em>τὸν</em></span> <span class='ocrx_word' id='word_1_143' title='bbox 966 1758 1013 1807; x_wconf 94' lang='grc' dir='ltr'>Β</span> <span class='ocrx_word' id='word_1_144' title='bbox 1053 1751 1543 1818; x_wconf 88' lang='grc' dir='ltr'><em>πολλαπλασιάσας</em></span> <span class='ocrx_word' id='word_1_145' title='bbox 1580 1749 1684 1808; x_wconf 89' lang='grc' dir='ltr'><em>τὸν</em></span> <span class='ocrx_word' id='word_1_146' title='bbox 1722 1756 1775 1807; x_wconf 92' lang='grc' dir='ltr'><em>Γ</em></span> <span class='ocrx_word' id='word_1_147' title='bbox 1807 1771 1898 1808; x_wconf 90' lang='grc' dir='ltr'><em>πε-</em></span> 
     </span>
     <span class='ocr_line' id='line_1_19' title="bbox 195 1839 1899 1916; baseline -0.001 -20"><span class='ocrx_word' id='word_1_148' title='bbox 195 1845 453 1913; x_wconf 87' lang='grc' dir='ltr'><em>ποίηκεν,</em></span> <span class='ocrx_word' id='word_1_149' title='bbox 503 1840 533 1899; x_wconf 93' lang='lat'><em>6</em></span> <span class='ocrx_word' id='word_1_150' title='bbox 582 1848 628 1897; x_wconf 93' lang='grc' dir='ltr'>Β</span> <span class='ocrx_word' id='word_1_151' title='bbox 676 1841 787 1914; x_wconf 73' lang='grc' dir='ltr'><em>ἄρα</em></span> <span class='ocrx_word' id='word_1_152' title='bbox 833 1840 935 1897; x_wconf 89' lang='grc' dir='ltr'><em>τὸν</em></span> <span class='ocrx_word' id='word_1_153' title='bbox 985 1845 1039 1896; x_wconf 92' lang='grc' dir='ltr'><em>Γ</em></span> <span class='ocrx_word' id='word_1_154' title='bbox 1077 1852 1265 1913; x_wconf 81' lang='grc' dir='ltr'><em>μετρεῖ</em></span> <span class='ocrx_word' id='word_1_155' title='bbox 1306 1840 1443 1896; x_wconf 83' lang='grc' dir='ltr'><em>κατὰ</em></span> <span class='ocrx_word' id='word_1_156' title='bbox 1492 1839 1590 1906; x_wconf 81' lang='grc' dir='ltr'><em>τὰς</em></span> <span class='ocrx_word' id='word_1_157' title='bbox 1630 1840 1690 1895; x_wconf 82' lang='grc' dir='ltr'><em>ἐν</em></span> <span class='ocrx_word' id='word_1_158' title='bbox 1728 1842 1804 1916; x_wconf 79' lang='grc' dir='ltr'><em>τῷ</em></span> <span class='ocrx_word' id='word_1_159' title='bbox 1846 1847 1899 1895; x_wconf 92' lang='lat' dir='ltr'><em>A</em></span> 
     </span>
     <span class='ocr_line' id='line_1_20' title="bbox 196 1926 1899 2004; baseline -0.002 -17"><span class='ocrx_word' id='word_1_160' title='bbox 196 1931 462 2002; x_wconf 79' lang='grc' dir='ltr'><em>μονάδας.</em></span> <span class='ocrx_word' id='word_1_161' title='bbox 540 1941 729 2004; x_wconf 88' lang='grc' dir='ltr'><em>μετρεῖ</em></span> <span class='ocrx_word' id='word_1_162' title='bbox 773 1929 835 1986; x_wconf 75' lang='grc' dir='ltr'><em>δὲ</em></span> <span class='ocrx_word' id='word_1_163' title='bbox 880 1928 974 1985; x_wconf 88' lang='grc' dir='ltr'><em>καὶ</em></span> <span class='ocrx_word' id='word_1_164' title='bbox 1020 1927 1054 2000; x_wconf 84' lang='grc' dir='ltr'><em>ἡ</em></span> <span class='ocrx_word' id='word_1_165' title='bbox 1104 1935 1158 1984; x_wconf 88' lang='grc' dir='ltr'><em>Ε</em></span> <span class='ocrx_word' id='word_1_166' title='bbox 1199 1929 1378 2000; x_wconf 82' lang='grc' dir='ltr'><em>μονὰς</em></span> <span class='ocrx_word' id='word_1_167' title='bbox 1416 1928 1516 1984; x_wconf 90' lang='grc' dir='ltr'><em>τὸν</em></span> <span class='ocrx_word' id='word_1_168' title='bbox 1557 1936 1610 1984; x_wconf 94' lang='grc' dir='ltr'><em>Α</em></span> <span class='ocrx_word' id='word_1_169' title='bbox 1648 1926 1899 2001; x_wconf 81' lang='grc' dir='ltr'><em>ἀριθμὸν</em></span> 
     </span>
    </p>

    <p class='ocr_par' dir='ltr' id='par_1_9' title="bbox 105 2014 1899 2445">
     <span class='ocr_line' id='line_1_21' title="bbox 105 2014 1899 2096; baseline -0.002 -21"><span class='ocrx_word' id='word_1_170' title='bbox 105 2042 162 2082; x_wconf 84' lang='lat'><em>20</em></span> <span class='ocrx_word' id='word_1_171' title='bbox 195 2019 333 2075; x_wconf 79' lang='grc' dir='ltr'><em>κατὰ</em></span> <span class='ocrx_word' id='word_1_172' title='bbox 382 2019 480 2086; x_wconf 83' lang='grc' dir='ltr'><em>τὰς</em></span> <span class='ocrx_word' id='word_1_173' title='bbox 527 2022 589 2076; x_wconf 83' lang='grc' dir='ltr'><em>ἐν</em></span> <span class='ocrx_word' id='word_1_174' title='bbox 637 2019 787 2096; x_wconf 80' lang='grc' dir='ltr'><em>αὐτῷ</em></span> <span class='ocrx_word' id='word_1_175' title='bbox 835 2016 1109 2090; x_wconf 84' lang='grc' dir='ltr'><em>μονάδας·</em></span> <span class='ocrx_word' id='word_1_176' title='bbox 1160 2019 1340 2084; x_wconf 83' lang='grc' dir='ltr'><em>ἰσάκις</em></span> <span class='ocrx_word' id='word_1_177' title='bbox 1386 2017 1497 2091; x_wconf 74' lang='grc' dir='ltr'><em>ἄρα</em></span> <span class='ocrx_word' id='word_1_178' title='bbox 1544 2014 1579 2089; x_wconf 77' lang='grc' dir='ltr'>ἡ</span> <span class='ocrx_word' id='word_1_179' title='bbox 1626 2023 1679 2072; x_wconf 88' lang='grc' dir='ltr'><em>Ε</em></span> <span class='ocrx_word' id='word_1_180' title='bbox 1722 2018 1899 2089; x_wconf 81' lang='grc' dir='ltr'><em>μονὰς</em></span> 
     </span>
     <span class='ocr_line' id='line_1_22' title="bbox 192 2104 1896 2181; baseline -0.002 -17"><span class='ocrx_word' id='word_1_181' title='bbox 192 2107 294 2164; x_wconf 90' lang='grc' dir='ltr'><em>τὸν</em></span> <span class='ocrx_word' id='word_1_182' title='bbox 334 2115 387 2163; x_wconf 94' lang='grc' dir='ltr'><em>Α</em></span> <span class='ocrx_word' id='word_1_183' title='bbox 426 2106 677 2181; x_wconf 83' lang='grc' dir='ltr'><em>ἀριθμὸν</em></span> <span class='ocrx_word' id='word_1_184' title='bbox 724 2117 912 2179; x_wconf 89' lang='grc' dir='ltr'><em>μετρεῖ</em></span> <span class='ocrx_word' id='word_1_185' title='bbox 945 2107 1038 2162; x_wconf 87' lang='grc' dir='ltr'><em>καὶ</em></span> <span class='ocrx_word' id='word_1_186' title='bbox 1079 2104 1108 2162; x_wconf 92' lang='lat'><em>6</em></span> <span class='ocrx_word' id='word_1_187' title='bbox 1150 2113 1197 2162; x_wconf 93' lang='grc' dir='ltr'>Β</span> <span class='ocrx_word' id='word_1_188' title='bbox 1236 2106 1338 2162; x_wconf 87' lang='grc' dir='ltr'><em>τὸν</em></span> <span class='ocrx_word' id='word_1_189' title='bbox 1377 2111 1439 2162; x_wconf 92' lang='grc' dir='ltr'><em>Γ.</em></span> <span class='ocrx_word' id='word_1_190' title='bbox 1510 2104 1746 2173; x_wconf 76' lang='grc' dir='ltr'><em>ἐναλλὰξ</em></span> <span class='ocrx_word' id='word_1_191' title='bbox 1785 2105 1896 2179; x_wconf 77' lang='grc' dir='ltr'><em>ἄρα</em></span> 
     </span>
     <span class='ocr_line' id='line_1_23' title="bbox 195 2192 1898 2268; baseline 0 -17"><span class='ocrx_word' id='word_1_192' title='bbox 195 2195 376 2263; x_wconf 83' lang='grc' dir='ltr'><em>ἰσάκις</em></span> <span class='ocrx_word' id='word_1_193' title='bbox 429 2195 463 2268; x_wconf 82' lang='grc' dir='ltr'><em>ἡ</em></span> <span class='ocrx_word' id='word_1_194' title='bbox 513 2204 566 2252; x_wconf 94' lang='grc' dir='ltr'><em>Ε</em></span> <span class='ocrx_word' id='word_1_195' title='bbox 615 2195 792 2268; x_wconf 82' lang='grc' dir='ltr'><em>μονὰς</em></span> <span class='ocrx_word' id='word_1_196' title='bbox 837 2194 938 2251; x_wconf 90' lang='grc' dir='ltr'><em>τὸν</em></span> <span class='ocrx_word' id='word_1_197' title='bbox 985 2201 1032 2250; x_wconf 92' lang='grc' dir='ltr'>Β</span> <span class='ocrx_word' id='word_1_198' title='bbox 1080 2192 1331 2267; x_wconf 83' lang='grc' dir='ltr'><em>ἀριθμὸν</em></span> <span class='ocrx_word' id='word_1_199' title='bbox 1386 2204 1576 2266; x_wconf 89' lang='grc' dir='ltr'><em>μετρεῖ</em></span> <span class='ocrx_word' id='word_1_200' title='bbox 1623 2195 1717 2250; x_wconf 90' lang='grc' dir='ltr'><em>καὶ</em></span> <span class='ocrx_word' id='word_1_201' title='bbox 1766 2193 1795 2251; x_wconf 93' lang='lat'><em>6</em></span> <span class='ocrx_word' id='word_1_202' title='bbox 1843 2203 1898 2251; x_wconf 89' lang='lat' dir='ltr'><em>A</em></span> 
     </span>
     <span class='ocr_line' id='line_1_24' title="bbox 193 2281 1896 2355; baseline 0 -15"><span class='ocrx_word' id='word_1_203' title='bbox 193 2284 293 2340; x_wconf 87' lang='grc' dir='ltr'><em>τὸν</em></span> <span class='ocrx_word' id='word_1_204' title='bbox 334 2290 395 2340; x_wconf 91' lang='grc' dir='ltr'><em>Γ.</em></span> <span class='ocrx_word' id='word_1_205' title='bbox 471 2284 667 2355; x_wconf 90' lang='grc' dir='ltr'><em>πάλιν,</em></span> <span class='ocrx_word' id='word_1_206' title='bbox 708 2284 823 2340; x_wconf 85' lang='grc' dir='ltr'><em>ἐπεὶ</em></span> <span class='ocrx_word' id='word_1_207' title='bbox 865 2281 893 2340; x_wconf 89' lang='lat'><em>6</em></span> <span class='ocrx_word' id='word_1_208' title='bbox 935 2289 982 2339; x_wconf 94' lang='grc' dir='ltr'>Β</span> <span class='ocrx_word' id='word_1_209' title='bbox 1022 2281 1122 2339; x_wconf 84' lang='grc' dir='ltr'><em>τὸν</em></span> <span class='ocrx_word' id='word_1_210' title='bbox 1162 2290 1215 2338; x_wconf 91' lang='lat' dir='ltr'><em>A</em></span> <span class='ocrx_word' id='word_1_211' title='bbox 1253 2282 1749 2349; x_wconf 89' lang='grc' dir='ltr'><em>πολλαπλασιάσας</em></span> <span class='ocrx_word' id='word_1_212' title='bbox 1794 2283 1896 2340; x_wconf 91' lang='grc' dir='ltr'><em>τὸν</em></span> 
     </span>
     <span class='ocr_line' id='line_1_25' title="bbox 195 2371 1893 2445; baseline 0 -17"><span class='ocrx_word' id='word_1_213' title='bbox 195 2380 251 2428; x_wconf 92' lang='lat' dir='ltr'><em>A</em></span> <span class='ocrx_word' id='word_1_214' title='bbox 296 2377 622 2445; x_wconf 85' lang='grc' dir='ltr'><em>πεποίηκεν,</em></span> <span class='ocrx_word' id='word_1_215' title='bbox 679 2371 709 2429; x_wconf 92' lang='lat'><em>6</em></span> <span class='ocrx_word' id='word_1_216' title='bbox 757 2380 811 2428; x_wconf 90' lang='lat' dir='ltr'><em>A</em></span> <span class='ocrx_word' id='word_1_217' title='bbox 857 2371 967 2445; x_wconf 76' lang='grc' dir='ltr'><em>ἄρα</em></span> <span class='ocrx_word' id='word_1_218' title='bbox 1021 2371 1122 2428; x_wconf 87' lang='grc' dir='ltr'><em>τὸν</em></span> <span class='ocrx_word' id='word_1_219' title='bbox 1170 2379 1227 2427; x_wconf 94' lang='lat' dir='ltr'><em>A</em></span> <span class='ocrx_word' id='word_1_220' title='bbox 1272 2383 1462 2445; x_wconf 85' lang='grc' dir='ltr'><em>μετρεῖ</em></span> <span class='ocrx_word' id='word_1_221' title='bbox 1503 2371 1642 2428; x_wconf 87' lang='grc' dir='ltr'><em>κατὰ</em></span> <span class='ocrx_word' id='word_1_222' title='bbox 1686 2371 1785 2438; x_wconf 80' lang='grc' dir='ltr'><em>τὰς</em></span> <span class='ocrx_word' id='word_1_223' title='bbox 1833 2375 1893 2428; x_wconf 85' lang='grc' dir='ltr'><em>ἐν</em></span> 
     </span>
    </p>

    <p class='ocr_par' dir='ltr' id='par_1_10' title="bbox 105 2458 1923 2800">
     <span class='ocr_line' id='line_1_26' title="bbox 105 2458 1923 2538; baseline -0.001 -20"><span class='ocrx_word' id='word_1_224' title='bbox 105 2483 160 2524; x_wconf 81' lang='grc'><em>25</em></span> <span class='ocrx_word' id='word_1_225' title='bbox 192 2465 269 2538; x_wconf 80' lang='grc' dir='ltr'><em>τῷ</em></span> <span class='ocrx_word' id='word_1_226' title='bbox 325 2468 371 2517; x_wconf 94' lang='grc' dir='ltr'>Β</span> <span class='ocrx_word' id='word_1_227' title='bbox 426 2462 690 2533; x_wconf 83' lang='grc' dir='ltr'><em>μονάδας.</em></span> <span class='ocrx_word' id='word_1_228' title='bbox 783 2472 972 2534; x_wconf 89' lang='grc' dir='ltr'><em>μετρεῖ</em></span> <span class='ocrx_word' id='word_1_229' title='bbox 1024 2461 1087 2517; x_wconf 75' lang='grc' dir='ltr'><em>δὲ</em></span> <span class='ocrx_word' id='word_1_230' title='bbox 1139 2462 1232 2516; x_wconf 88' lang='grc' dir='ltr'><em>καὶ</em></span> <span class='ocrx_word' id='word_1_231' title='bbox 1286 2458 1322 2533; x_wconf 69' lang='grc' dir='ltr'>ᾗ</span> <span class='ocrx_word' id='word_1_232' title='bbox 1372 2467 1426 2516; x_wconf 95' lang='grc' dir='ltr'><em>Ε</em></span> <span class='ocrx_word' id='word_1_233' title='bbox 1477 2460 1653 2533; x_wconf 80' lang='grc' dir='ltr'><em>μονὰς</em></span> <span class='ocrx_word' id='word_1_234' title='bbox 1698 2459 1798 2516; x_wconf 87' lang='grc' dir='ltr'><em>τὸν</em></span> <span class='ocrx_word' id='word_1_235' title='bbox 1845 2467 1923 2515; x_wconf 87' lang='grc' dir='ltr'><em>Β’</em></span> 
     </span>
     <span class='ocr_line' id='line_1_27' title="bbox 194 2547 1896 2627; baseline -0.001 -21"><span class='ocrx_word' id='word_1_236' title='bbox 194 2548 332 2606; x_wconf 82' lang='grc' dir='ltr'><em>κατὰ</em></span> <span class='ocrx_word' id='word_1_237' title='bbox 379 2549 477 2616; x_wconf 79' lang='grc' dir='ltr'><em>τὰς</em></span> <span class='ocrx_word' id='word_1_238' title='bbox 522 2552 583 2606; x_wconf 82' lang='grc' dir='ltr'><em>ἐν</em></span> <span class='ocrx_word' id='word_1_239' title='bbox 631 2548 780 2627; x_wconf 79' lang='grc' dir='ltr'><em>αὐτῷ</em></span> <span class='ocrx_word' id='word_1_240' title='bbox 835 2549 1103 2622; x_wconf 87' lang='grc' dir='ltr'><em>μονάδας·</em></span> <span class='ocrx_word' id='word_1_241' title='bbox 1153 2548 1333 2616; x_wconf 77' lang='grc' dir='ltr'><em>ἰσάκις</em></span> <span class='ocrx_word' id='word_1_242' title='bbox 1383 2549 1493 2622; x_wconf 73' lang='grc' dir='ltr'><em>ἄρα</em></span> <span class='ocrx_word' id='word_1_243' title='bbox 1540 2547 1574 2621; x_wconf 85' lang='grc' dir='ltr'>ἡ</span> <span class='ocrx_word' id='word_1_244' title='bbox 1623 2555 1675 2604; x_wconf 93' lang='grc' dir='ltr'><em>Ε</em></span> <span class='ocrx_word' id='word_1_245' title='bbox 1718 2547 1896 2620; x_wconf 81' lang='grc' dir='ltr'><em>μονὰς</em></span> 
     </span>
     <span class='ocr_line' id='line_1_28' title="bbox 193 2635 1894 2711; baseline -0.002 -16"><span class='ocrx_word' id='word_1_246' title='bbox 193 2639 294 2696; x_wconf 90' lang='grc' dir='ltr'><em>τὸν</em></span> <span class='ocrx_word' id='word_1_247' title='bbox 344 2645 391 2694; x_wconf 94' lang='grc' dir='ltr'>Β</span> <span class='ocrx_word' id='word_1_248' title='bbox 440 2637 691 2711; x_wconf 81' lang='grc' dir='ltr'><em>ἀριθμὸν</em></span> <span class='ocrx_word' id='word_1_249' title='bbox 738 2651 925 2711; x_wconf 87' lang='grc' dir='ltr'><em>μετρεῖ</em></span> <span class='ocrx_word' id='word_1_250' title='bbox 974 2639 1068 2694; x_wconf 89' lang='grc' dir='ltr'><em>καὶ</em></span> <span class='ocrx_word' id='word_1_251' title='bbox 1116 2636 1147 2694; x_wconf 90' lang='lat'><em>6</em></span> <span class='ocrx_word' id='word_1_252' title='bbox 1193 2645 1247 2694; x_wconf 88' lang='lat' dir='ltr'><em>A</em></span> <span class='ocrx_word' id='word_1_253' title='bbox 1300 2635 1401 2693; x_wconf 90' lang='grc' dir='ltr'><em>τὸν</em></span> <span class='ocrx_word' id='word_1_254' title='bbox 1450 2645 1518 2695; x_wconf 92' lang='lat' dir='ltr'><em>A.</em></span> <span class='ocrx_word' id='word_1_255' title='bbox 1597 2637 1778 2704; x_wconf 83' lang='grc' dir='ltr'><em>ἰσάκις</em></span> <span class='ocrx_word' id='word_1_256' title='bbox 1833 2637 1894 2692; x_wconf 78' lang='grc' dir='ltr'><em>δὲ</em></span> 
     </span>
     <span class='ocr_line' id='line_1_29' title="bbox 197 2722 1893 2800; baseline -0.002 -17"><span class='ocrx_word' id='word_1_257' title='bbox 197 2726 227 2800; x_wconf 86' lang='grc' dir='ltr'><em>ἡ</em></span> <span class='ocrx_word' id='word_1_258' title='bbox 269 2734 322 2783; x_wconf 92' lang='grc' dir='ltr'><em>Ε</em></span> <span class='ocrx_word' id='word_1_259' title='bbox 365 2726 542 2799; x_wconf 82' lang='grc' dir='ltr'><em>μονὰς</em></span> <span class='ocrx_word' id='word_1_260' title='bbox 586 2726 688 2783; x_wconf 91' lang='grc' dir='ltr'><em>τὸν</em></span> <span class='ocrx_word' id='word_1_261' title='bbox 736 2733 782 2782; x_wconf 92' lang='grc' dir='ltr'>Β</span> <span class='ocrx_word' id='word_1_262' title='bbox 830 2724 1079 2799; x_wconf 79' lang='grc' dir='ltr'><em>ἀριθμὸν</em></span> <span class='ocrx_word' id='word_1_263' title='bbox 1132 2726 1342 2798; x_wconf 80' lang='grc' dir='ltr'><em>ἐμέτρει</em></span> <span class='ocrx_word' id='word_1_264' title='bbox 1388 2726 1482 2780; x_wconf 87' lang='grc' dir='ltr'><em>καὶ</em></span> <span class='ocrx_word' id='word_1_265' title='bbox 1523 2722 1552 2781; x_wconf 90' lang='lat'><em>6</em></span> <span class='ocrx_word' id='word_1_266' title='bbox 1593 2732 1646 2780; x_wconf 92' lang='lat' dir='ltr'><em>A</em></span> <span class='ocrx_word' id='word_1_267' title='bbox 1685 2724 1785 2781; x_wconf 90' lang='grc' dir='ltr'><em>τὸν</em></span> <span class='ocrx_word' id='word_1_268' title='bbox 1825 2730 1893 2780; x_wconf 87' lang='grc' dir='ltr'><em>Γ·</em></span> 
     </span>
    </p>
   </div>
   <div class='ocr_carea' id='block_1_4' title="bbox 194 2834 551 2841">
    <p class='ocr_par' dir='ltr' id='par_1_11' title="bbox 194 2834 551 2841">
     <span class='ocr_line' id='line_1_30' title="bbox 194 2834 551 2841; baseline 0 0"><span class='ocrx_word' id='word_1_269' title='bbox 194 2834 551 2841; x_wconf 95' lang='lat' dir='ltr'><em> </em></span> 
     </span>
    </p>
   </div>
   <div class='ocr_carea' id='block_1_5' title="bbox 195 2868 1892 2994">
    <p class='ocr_par' dir='ltr' id='par_1_12' title="bbox 195 2868 1892 2994">
     <span class='ocr_line' id='line_1_31' title="bbox 316 2868 1891 2934; baseline -0.003 -13"><span class='ocrx_word' id='word_1_270' title='bbox 316 2882 357 2922; x_wconf 88' lang='grc'><em>3.</em></span> <span class='ocrx_word' id='word_1_271' title='bbox 390 2871 514 2934; x_wconf 73' lang='grc' dir='ltr'><em>ἄρα]</em></span> <span class='ocrx_word' id='word_1_272' title='bbox 547 2871 642 2932; x_wconf 72' lang='grc' dir='ltr'><em>ἄρα</em></span> <span class='ocrx_word' id='word_1_273' title='bbox 674 2877 761 2919; x_wconf 84' lang='grc' dir='ltr'><em>καί</em></span> <span class='ocrx_word' id='word_1_274' title='bbox 785 2890 832 2932; x_wconf 87' lang='lat' dir='ltr'><em>p.</em></span> <span class='ocrx_word' id='word_1_275' title='bbox 955 2871 1097 2934; x_wconf 83' lang='grc' dir='ltr'><em>πρός]</em></span> <span class='ocrx_word' id='word_1_276' title='bbox 1137 2873 1210 2919; x_wconf 82' lang='lat' dir='ltr'><em>bis</em></span> <span class='ocrx_word' id='word_1_277' title='bbox 1241 2873 1292 2917; x_wconf 92' lang='lat' dir='ltr'><em>P.</em></span> <span class='ocrx_word' id='word_1_278' title='bbox 1416 2877 1457 2917; x_wconf 87' lang='lat'><em>4.</em></span> <span class='ocrx_word' id='word_1_279' title='bbox 1492 2868 1546 2932; x_wconf 85' lang='lat'><em>6]</em></span> <span class='ocrx_word' id='word_1_280' title='bbox 1579 2870 1608 2930; x_wconf 87' lang='grc' dir='ltr'>ἡ</span> <span class='ocrx_word' id='word_1_281' title='bbox 1639 2886 1684 2929; x_wconf 88' lang='lat' dir='ltr'><em>p.</em></span> <span class='ocrx_word' id='word_1_282' title='bbox 1810 2888 1891 2929; x_wconf 86' lang='grc' dir='ltr'><em>μο-</em></span> 
     </span>
     <span class='ocr_line' id='line_1_32' title="bbox 195 2930 1892 2994; baseline -0.003 -14"><span class='ocrx_word' id='word_1_283' title='bbox 195 2933 328 2994; x_wconf 86' lang='grc' dir='ltr'><em>νάδι]</em></span> <span class='ocrx_word' id='word_1_284' title='bbox 364 2937 432 2979; x_wconf 85' lang='grc' dir='ltr'><em>-δι</em></span> <span class='ocrx_word' id='word_1_285' title='bbox 462 2935 512 2979; x_wconf 88' lang='lat' dir='ltr'><em>in</em></span> <span class='ocrx_word' id='word_1_286' title='bbox 542 2949 630 2980; x_wconf 78' lang='lat' dir='ltr'>ras.</span> <span class='ocrx_word' id='word_1_287' title='bbox 664 2934 720 2981; x_wconf 92' lang='lat' dir='ltr'><em>V.</em></span> <span class='ocrx_word' id='word_1_288' title='bbox 829 2939 869 2980; x_wconf 84' lang='lat'><em>7.</em></span> <span class='ocrx_word' id='word_1_289' title='bbox 902 2930 961 2992; x_wconf 85' lang='grc' dir='ltr'><em>ἡ]</em></span> <span class='ocrx_word' id='word_1_290' title='bbox 997 2930 1020 2978; x_wconf 84' lang='grc' dir='ltr'><em>ὃ</em></span> <span class='ocrx_word' id='word_1_291' title='bbox 1054 2934 1104 2979; x_wconf 91' lang='grc' dir='ltr'><em>Ρ.</em></span> <span class='ocrx_word' id='word_1_292' title='bbox 1219 2932 1286 2990; x_wconf 88' lang='lat' dir='ltr'><em>A]</em></span> <span class='ocrx_word' id='word_1_293' title='bbox 1322 2945 1461 2989; x_wconf 80' lang='lat' dir='ltr'>supra</span> <span class='ocrx_word' id='word_1_294' title='bbox 1490 2947 1550 2976; x_wconf 90' lang='lat' dir='ltr'><em>m.</em></span> <span class='ocrx_word' id='word_1_295' title='bbox 1586 2937 1612 2977; x_wconf 84' lang='lat'>2</span> <span class='ocrx_word' id='word_1_296' title='bbox 1645 2930 1700 2976; x_wconf 92' lang='lat' dir='ltr'><em>V.</em></span> <span class='ocrx_word' id='word_1_297' title='bbox 1815 2947 1892 2988; x_wconf 87' lang='grc' dir='ltr'><em>μο-</em></span> 
     </span>
    </p>
   </div>
  </div>
 </body>
</html>
