1988 3152
580 115 1042 158 ELEMENTORUM
1071 115 1254 157 LIBER
1284 115 1360 156 VI.
1727 116 1829 168 10].

142 235 318 288 basim
393 234 852 304 perpendicularis
930 234 1164 304 ducitur,
1241 234 1504 306 trianguli
1582 235 1648 288 ad
1717 255 1836 305 per-

140 323 544 393 pendicularem
612 321 780 391 positi
850 321 1053 374 similes
1125 326 1282 378 erunt
1350 316 1424 376 et*
1471 325 1576 378 toti
1645 328 1699 377 et
1759 326 1837 378 in-

140 417 224 464 ter
265 430 335 465 se.
1847 404 1850 406 ⁵

257 496 340 551 Sit
392 499 699 568 triangulus
753 500 1099 570 rectangulus
1155 504 1326 554 ΑΒΓ
1374 505 1583 556 rectum
1629 503 1837 557 habens

142 589 399 659 angulum
422 590 605 657 ΒΑΓ,
631 590 686 641 et
710 588 778 641 ab
802 593 857 641 A
881 588 948 641 ad
979 591 1092 641 ΒΓ
1114 590 1575 659 perpendicularis
1609 593 1837 647 ducatur

141 682 273 730 AA.
344 677 488 742 dico,
526 679 813 746 utrumque
851 677 1189 748 triangulum
1229 683 1338 732 AB
1350 685 1419 748 A,
1444 686 1497 733 A
1508 685 1625 736 ΔΓ
1650 685 1705 735 et
1734 684 1840 736 toti
1874 741 1876 743 ,

131 768 314 819 ἈΒΓ
346 769 400 819 et
437 765 580 819 inter
620 783 677 818 se
718 765 920 819 similes
961 784 1091 820 esse.

252 873 380 907 nam
428 854 698 924 quoniam
761 859 796 916 L
832 857 1007 908 ΒΑΓ
1036 881 1105 899 =
1141 861 1317 910 AAB
1381 855 1630 928 (uterque
1693 859 1837 912 enim

945 947 1124 998 rectus
1165 943 1288 1017 est),
1329 949 1383 999 et
1414 946 1641 1000 duorum
1672 949 1840 1001 trian-

946 1034 1197 1103 gulorum
1254 1038 1435 1105 ΑΒΓ,
1473 1026 1650 1088 ΑΒΔ
1697 1054 1838 1090 com-

944 1123 1123 1177 munis
1164 1127 1246 1177 est
1286 1125 1518 1194 angulus
1559 1125 1626 1178 ad
1658 1129 1706 1178 Β
1745 1145 1840 1196 po-

945 1213 1106 1282 situs,
1162 1212 1266 1265 erit
1319 1218 1353 1275 l,
1378 1215 1542 1266 ΑΓΒ
1569 1239 1639 1257 =
1666 1218 1842 1267 BAA

946 1301 1024 1372 [I,
1087 1302 1158 1355 32
1173 1304 1210 1368 ].
1320 1302 1534 1372 itaque,
1579 1303 1843 1374 trianguli

154 1370 210 1416 B
580 1373 627 1416 Δ
854 1372 898 1415 Γ
982 1393 1171 1462 ΑΒΓ,
1210 1394 1388 1444 ΑΒΔ
1451 1392 1798 1462 aequianguli

142 1485 281 1534 sunt.
361 1483 464 1535 erit
517 1482 686 1552 igitur
732 1484 872 1535 BF:
899 1485 1009 1534 BA
1043 1506 1112 1524 =
1146 1484 1255 1533 AB
1281 1484 1432 1535 :BA
1457 1506 1527 1523 =
1552 1483 1696 1534 AF:
1721 1486 1840 1535 AA

144 1572 320 1639 [prop.
353 1569 488 1639 IV];
526 1588 653 1624 nam
685 1573 799 1624 ΒΓ
823 1571 923 1624 sub
963 1573 1113 1623 recto
1154 1570 1355 1640 angulo
1394 1569 1653 1639 trianguli
1676 1571 1849 1623 ΑΒΓ

143 1659 421 1734 subtendit
467 1663 522 1712 et
567 1664 680 1713 BA
733 1660 832 1713 sub
888 1662 1034 1712 recto
1091 1659 1293 1729 angulo
1348 1657 1608 1728 trianguli
1647 1662 1838 1728 ΑΒΔ,

141 1751 197 1800 et
242 1766 429 1801 rursus
471 1751 579 1801 AB
626 1750 683 1802 in
733 1749 1010 1819 triangulo
1058 1750 1229 1801 ΑΒΓ
1270 1747 1369 1800 sub
1426 1747 1625 1817 angulo
1675 1747 1743 1800 ad
1793 1750 1846 1800 Γ

145 1837 324 1907 posito
366 1836 644 1891 subtendit
675 1841 730 1891 et
753 1841 868 1890 ΒΔ
900 1837 957 1890 in
989 1837 1265 1907 triangulo
1292 1840 1465 1890 ΑΒΔ
1497 1836 1596 1889 sub
1631 1838 1833 1907 angulo

3 1901 6 1979 Ῐ
44 1941 47 1947 ’
142 1924 191 1977 ei
231 1925 444 1994 aequali
483 1929 671 1996 ΒΑΔ,
703 1929 758 1980 et
787 1928 911 1996 ΑΓ,
935 1930 1054 1979 ΑΔ
1094 1926 1193 1979 sub
1235 1925 1434 1996 angulo
1477 1925 1544 1977 ad
1575 1928 1623 1977 B
1654 1926 1836 1994 posito

0 2531 4 2579 Ρ

147 2014 426 2084 utriusque
461 2016 725 2086 trianguli
750 2015 1023 2070 communi
1048 2014 1393 2068 subtendunt.
1455 2013 1637 2081 itaque
1668 2014 1836 2067 trian-
1867 2010 1869 2012 ’

144 2103 257 2173 guli
281 2104 461 2172 ΑΒΓ,
485 2107 666 2156 ΑΒΔ
691 2107 747 2157 et
770 2102 1117 2174 aequianguli
1144 2105 1273 2156 sunt
1296 2105 1351 2155 et
1380 2102 1552 2154 latera
1585 2103 1837 2171 aequales

147 2191 379 2262 angulos
397 2191 909 2261 comprehendentia
924 2191 1360 2261 proportionalia
1382 2191 1601 2244 habent.
1651 2190 1836 2261 itaque

143 2278 204 2337 Δ
234 2282 408 2334 ΑΒΓ
429 2304 489 2324 ω
525 2284 703 2333 ΑΒΔ
739 2281 863 2347 [def.
900 2282 971 2348 1].
1035 2280 1285 2333 similiter
1330 2280 1838 2350 demonstrabimuS‚

0 2486 8 2508 ’·
114 2460 235 2532 ⁶12⁸.
276 2501 337 2530 m.
375 2491 400 2531 2
431 2486 488 2532 V.
554 2487 657 2542 ἴσην
692 2483 837 2541 αὐτῆς
862 2486 909 2531 F.
1036 2490 1103 2531 18.
1130 2485 1291 2543 ΑΒΔ]
1317 2488 1456 2530 ΑΒΓ
1473 2486 1523 2530 Ρ.
1639 2483 1696 2558 εὴ]
1722 2485 1844 2530 inter

157 2543 273 2590 duas
310 2556 400 2589 ras.
432 2546 483 2590 F.
603 2545 719 2590 Post
747 2548 839 2590 ΑΓ
866 2546 972 2591 add.
1003 2545 1061 2590 F:
1100 2541 1417 2591 ὑποτείνουσα
1448 2541 1535 2602 τὴν
1565 2561 1683 2601 προς
1712 2545 1774 2604 τῷ
1808 2547 1843 2587 Β

154 2605 334 2660 γωνίαν
364 2605 449 2650 τοῦ
481 2607 620 2649 ΑΒΓ
644 2601 890 2661 τριγώνου,
923 2605 1004 2649 sed
1036 2605 1126 2650 del.
1158 2620 1217 2649 m.
1255 2610 1293 2649 1.
1411 2610 1478 2650 19.
1510 2599 1847 2649 ὑποτείνουσαι

149 2665 185 2718 (ι
207 2663 258 2707 in
287 2665 396 2722 ras.)
427 2665 537 2722 post
566 2677 654 2710 ras.
691 2669 713 2707 1
746 2664 838 2709 litt.
871 2664 930 2720 F,
963 2660 1279 2709 ὑποτείνουσα
1310 2664 1403 2722 Bp.
1526 2663 1589 2722 Β]
1623 2677 1715 2719 seq.
1750 2676 1840 2707 ras.

148 2726 170 2766 1
213 2722 304 2768 litt.
338 2721 388 2768 F.
511 2728 581 2769 20.
615 2719 775 2767 αὐτῶν
806 2723 899 2767 τῶν
923 2723 979 2768 V.
1102 2719 1223 2783 ἄρα]
1255 2725 1423 2782 postea
1445 2723 1528 2767 ins.
1555 2722 1613 2777 1⁴¹3
1646 2736 1704 2766 m.
1733 2727 1758 2766 2
1783 2721 1840 2766 V.

146 2784 280 2825 ABA
319 2778 413 2839 ἄρα
450 2782 506 2828 V.
659 2787 730 2827 21.
766 2780 891 2828 ἔστιν
922 2783 980 2840 Ρ,
1014 2796 1160 2839 comp.
1195 2798 1240 2840 p.
1394 2788 1463 2828 22.
1508 2778 1631 2839 ἐστί]
1667 2795 1756 2826 om.
1790 2779 1839 2823 P.

205 2845 276 2885 24.
310 2836 433 2886 ἔστιν
463 2841 521 2896 Ρ;
548 2857 695 2900 comp.
720 2857 764 2899 p.
