1988 3152
1083 609 1160 683 η’-

1082 750 1157 808 α’.

380 844 530 904 Ἐαν
570 841 733 905 ὦσιν
774 848 1267 924 ὁσοιδηποτοῦν
1308 851 1590 925 ἀριθμοὶ
1630 853 1776 924 ἑξῆς
1808 851 1969 909 ἀνά-

272 943 502 1008 λογον,
551 941 616 993 οἱ
652 939 722 995 δὲ
761 939 951 1010 ἄκροι
1001 941 1219 998 αὐτῶν
1266 946 1512 1014 πρῶτοι
1559 940 1722 1014 πρὸς
1770 941 1969 1013 ἀλλή-

271 1032 431 1094 λους
478 1021 666 1100 ὦσιν,
715 1029 1062 1101 ἐλάχιστοί
1104 1035 1234 1087 εἰσι
1280 1035 1409 1088 τῶν
1455 1031 1574 1087 τὸν
1614 1028 1811 1087 αὐτὸν
1858 1030 1968 1087 λό-

213 1140 239 1180 5
271 1137 393 1186 γον
435 1115 724 1188 ἐχόντων
765 1115 1006 1184 αὐτοῖς.

367 1203 660 1261 ’Ἑστωσαν
723 1203 1031 1264 ὁποσοιοῦν
1092 1205 1331 1281 ἀριθμοὶ
1395 1208 1517 1280 ἑξῆς
1571 1206 1857 1279 ἀνάλογον
1913 1211 1973 1264 οἶ

269 1300 341 1363 Α,
373 1299 440 1364 Β,
473 1298 538 1364 Γ,
572 1300 645 1364 Δ,
686 1296 744 1349 οἰ
773 1294 836 1350 δὲ
867 1294 1032 1366 ἄκροι
1063 1294 1250 1353 αὐτῶν
1284 1299 1342 1353 οἰ
1370 1304 1441 1367 Α,
1475 1304 1549 1367 Δ,
1589 1299 1799 1368 πρῶτοι
1830 1294 1970 1369 πρὸς

269 1379 550 1453 ἀλλήλους
581 1385 852 1438 ἔστωσαν·
898 1385 1061 1456 λέγω,
1095 1383 1180 1440 ὅτι
1213 1388 1272 1441 οἱ
1299 1393 1370 1457 Α,
1404 1391 1470 1455 Β,
1504 1390 1568 1455 17,
1603 1391 1658 1439 A
1691 1384 1974 1457 ἐλάχιστοί

269 1472 378 1525 εἰσι
416 1473 533 1526 τῶν
571 1468 673 1526 τὸν
713 1468 887 1526 αὐτὸν
927 1471 1101 1543 λόγον
1141 1472 1387 1545 ἐχόντων
1432 1471 1639 1538 αὐτοῖς.

183 1583 237 1623 10
382 1562 457 1613 Εἰ
500 1557 608 1631 γὰρ
656 1563 759 1630 μή,
810 1562 1061 1616 ἔστωσαν
1111 1561 1398 1628 ἐλάττονες
1434 1564 1549 1617 τῶν
1589 1567 1668 1631 A,
1700 1567 1774 1632 Β,
1807 1566 1879 1632 Γ,
1912 1569 1970 1616 A

270 1648 330 1702 οί
365 1653 439 1718 Ε,
472 1653 544 1717 Ζ,
576 1653 658 1719 Η,
692 1654 740 1704 Θ
778 1650 839 1704 ἐν
885 1653 961 1724 τῷ
1003 1648 1155 1724 αὐτῷ
1203 1650 1352 1726 λόγῳ
1394 1649 1551 1715 ὄντες
1591 1647 1798 1715 αὐτοῖς.
1873 1651 1968 1706 καὶ

268 1735 386 1790 ἐπεὶ
426 1738 486 1792 οὗ
520 1743 591 1806 Α,
623 1743 690 1806 Β,
722 1741 787 1807 Γ,
822 1744 878 1792 A
917 1739 978 1793 ἐν
1017 1741 1094 1814 τῷ
1136 1735 1284 1812 αὐτῷ
1325 1737 1473 1813 λόγῳ
1507 1737 1615 1793 εἰσὶ
1646 1748 1763 1803 τοῖς
1801 1743 1868 1808 Ε,
1902 1744 1966 1808 Ζ,

267 1829 342 1895 Η,
375 1830 441 1894 Θ,
479 1828 580 1879 καί
613 1826 764 1881 ἐστιν
797 1832 924 1882 ἴσον
963 1824 1027 1881 τὸ
1059 1829 1278 1897 πλῆθος
1311 1829 1446 1895 [τῶν
1478 1833 1552 1896 Α,
1581 1831 1648 1896 Β,
1679 1830 1744 1896 Γ,
1777 1831 1853 1895 A]
1887 1829 1965 1901 τῷ

266 1911 472 1984 πλήθει
516 1915 651 1982 [τῶν
693 1919 756 1981 Ε,
788 1919 851 1984 Ζ,
884 1919 967 1984 Η,
1000 1918 1091 1984 Θ],
1132 1912 1209 1969 δι’
1248 1920 1374 1969 ἴσου
1413 1912 1524 1985 ἄρα
1557 1914 1708 1968 ἐστὶν
1741 1911 1817 1979 ὡς
1849 1911 1878 1969 ὁ
1912 1922 1967 1970 A

179 2026 234 2066 15
266 2000 406 2073 πρὸς
443 1999 544 2057 τὸν
586 2008 666 2072 Δ,
709 1998 739 2056 ὅ
779 2007 832 2056 Ε
867 2000 1007 2074 πρὸς
1045 2001 1147 2058 τὸν
1186 2009 1246 2058 Θ.
1326 2004 1384 2057 οἱ
1420 2001 1483 2057 δὲ
1529 2009 1609 2071 Α,
1642 2007 1698 2055 A
1735 2004 1964 2075 πρῶτοι,

267 2093 326 2145 οἰ
378 2089 441 2146 δὲ
490 2093 702 2162 πρῶτοι
747 2090 840 2145 καὶ
888 2090 1194 2162 ἐλάχιστοι,
1253 2093 1311 2147 oc
1363 2090 1426 2146 δὲ
1473 2089 1753 2161 ἐλάχιστοι
1801 2089 1966 2164 ἀριθ-

265 2179 362 2250 μοὶ
408 2183 676 2252 μετροῦσι
721 2178 853 2245 τοὺς
897 2178 1000 2235 τὸν
1049 2178 1222 2236 αὐτὸν
1269 2179 1443 2251 λόγον
1500 2183 1728 2251 ἔχοντας
1783 2178 1966 2245 ἰσάκις

267 2267 299 2323 ὅ
328 2289 388 2322 τε
427 2272 627 2339 μείζων
658 2266 759 2323 τὸν
791 2273 1019 2339 μείζονα
1052 2268 1145 2323 καὶ
1179 2265 1208 2324 ὁ
1243 2267 1496 2324 ἐλάσσων
1528 2266 1630 2323 τὸν
1663 2266 1962 2339 ἐλάσσονα,

264 2357 550 2412 τουτέστιν
600 2357 631 2412 ὅ
669 2378 728 2412 τε
774 2355 1090 2429 ἡγούμενος
1126 2356 1229 2413 τὸν
1274 2354 1595 2428 ἡγούμενον
1632 2356 1727 2411 καὶ
1768 2354 1798 2413 ὁ
1839 2355 1988 2412 ἑκά--

178 2470 235 2510 20
267 2466 435 2516 μενος
480 2443 582 2500 τὸν
630 2444 923 2516 ἑπόμενον.
1002 2455 1192 2518 μετρεῖ
1233 2442 1344 2518 ἄρα
1383 2441 1412 2500 ὁ
1454 2451 1508 2499 A
1547 2442 1650 2499 τὸν
1690 2450 1743 2498 Ε
1779 2442 1808 2500 ὁ
1850 2448 1964 2516 μεί-

267 2538 374 2600 ζων
420 2532 522 2588 τὸν
571 2532 868 2589 ἐλάσσονα·
927 2534 1062 2607 ὅπερ
1120 2534 1270 2590 ἐστὶν
1324 2531 1627 2588 ἀδύνατον.
1708 2531 1811 2588 οὐκ
1850 2531 1961 2606 ἄρα

384 2693 650 2741 Εὐκλείδου
677 2699 918 2753 στοιχείων
943 2699 969 2751 ζ
991 2715 1002 2742 :
1029 2713 1058 2753 η
1083 2697 1139 2742 V.
1195 2696 1310 2741 Post
1331 2694 1525 2740 titulum
1548 2694 1598 2738 in
1628 2696 1763 2740 tex‘cu
1791 2694 1961 2740 scholi-

263 2772 343 2801 um
388 2756 451 2800 ad
490 2754 597 2811 VII,
637 2760 693 2799 39
733 2755 913 2800 habent
950 2757 1101 2813 qu>3
1142 2771 1187 2799 u.
1227 2768 1335 2812 app.
1457 2760 1499 2800 4.
1544 2747 1679 2813 ὦσιν]
1723 2767 1813 2798 om.
1853 2753 1959 2810 Vm.

266 2814 384 2860 εἰσιν
415 2814 516 2858 ΡΒ.
655 2819 695 2859 9.
736 2813 854 2859 εἰσιν
894 2814 946 2858 Β.
1089 2820 1156 2859 11.
1190 2815 1266 2872 H]
1307 2815 1471 2870 postea
1508 2813 1666 2859 insert.
1698 2814 1753 2858 V.
1890 2817 1959 2857 12.

265 2876 337 2933 A]
368 2875 537 2932 postea
568 2874 728 2918 insert.
761 2873 816 2918 V.
881 2872 999 2918 εἰσίν
1031 2874 1082 2920 Β.
1207 2879 1276 2918 13.
1310 2873 1396 2917 καί
1423 2870 1548 2918 ἔστιν
1573 2898 1630 2905 -
1658 2878 1734 2917 14:
1770 2873 1836 2930 Θ]
1862 2886 1957 2929 mg.
1986 2905 1988 2931 :

265 2949 325 2979 m.
359 2939 385 2978 2
422 2933 476 2978 V.
572 2938 639 2978 13.
665 2934 758 2976 τῶν
790 2937 842 2989 A,
875 2936 925 2989 Β,
959 2936 1012 2988 Γ,
1046 2934 1115 2992 A]
1157 2947 1246 2978 om.
1277 2933 1328 2976 P.
1423 2937 1493 2976 14.
1525 2933 1619 2976 τῶν
1647 2935 1700 2988 Ε,
1726 2934 1775 2989 Ζ,
1802 2934 1862 2987 Η,
1889 2929 1958 2989 Θ]
1984 2952 1988 2990 3
